2545 3104
1275 106 1332 148 10

184 248 253 273 nee
278 236 426 283 periodi
451 235 612 282 alicujus
645 247 716 272 nee
742 237 899 272 membri
926 248 1048 283 neque
1081 237 1189 274 incisi
1216 238 1386 274 extensio
1417 237 1636 284 priusquam
1662 237 1908 283 pronuntiata
1933 239 2027 284 sint,
2060 240 2108 276 ad
2135 246 2275 275 eertum
2301 236 2413 283 sylla—

183 300 316 334 barum
343 309 541 333 numerum
568 297 689 344 redigi
714 297 864 344 poterit.
908 297 1147 346 Quamquam
1174 299 1273 335 enim
1302 299 1376 334 alia
1399 299 1576 346 periodus
1603 304 1767 345 quatuor
1792 299 1968 336 membris
1996 298 2297 347 continetur,¹⁴)
2325 297 2414 344 quid

184 363 308 397 obstat
335 359 538 407 quonimus
566 359 658 404 alia,
695 358 727 395 si
754 359 962 397 sententiae
996 367 1131 398 natura
1168 361 1240 397 hoc
1266 361 1453 408 postulat,
1488 360 1654 409 quinque
1687 360 1747 396 vel
1774 371 1842 398 sex
1867 362 2044 400 membris
2071 360 2414 408 comprehendatur,

184 422 297 459 modo
326 435 372 457 ne
400 421 491 467 ejus,
520 421 585 467 qui
614 420 715 464 dicit,
744 421 899 468 spiritus
927 435 1021 461 neve
1043 435 1184 467 eorum,
1212 423 1278 470 qui
1303 423 1461 459 audiunt
1487 427 1629 458 mentes
1648 422 1715 457 illa
1733 422 1983 468 productione
2006 424 2118 460 nimis
2143 419 2414 470 impediantur?

185 483 247 521 Sic
275 483 432 519 membri
460 483 569 517 etiam
598 482 783 528 incisique
811 489 946 518 natura
979 490 1015 519 et
1042 484 1251 519 differentia
1287 496 1362 518 non
1396 484 1434 519 in
1468 484 1697 531 syllabarum
1730 494 1886 519 numero
1912 485 2039 531 posita
2074 491 2147 530 est,
2179 484 2243 520 sed
2269 495 2289 518 e
2315 480 2414 529 cogi·

183 546 326 581 tatione
352 545 476 580 verbis
504 543 767 591 exprimenda,
802 550 928 581 utrum
964 545 1139 583 membris
1174 557 1221 581 an
1256 544 1384 581 incisis
1419 546 1598 582 utendum
1632 545 1700 589 sit,
1734 545 1912 591 pendebit
1939 553 1976 582 et
2010 548 2113 593 quali
2144 554 2341 590 utrumque
2367 544 2415 578 sit

184 620 370 644 mensura.
423 608 521 642 Nam
549 618 776 652 quamquam
805 607 913 641 incisi
947 608 1003 642 vis
1034 620 1078 643 eo
1116 608 1186 643 erit
1212 606 1450 655 acutior¹⁵),
1489 618 1563 654 quo
1590 606 1741 642 brevius
1769 611 1844 643 est:
1879 613 2002 677 tamen
2031 621 2075 644 eo
2109 621 2185 644 non
2210 607 2413 643 membrum

184 672 257 713 fiet,
288 669 320 704 si
346 668 442 704 forte
469 668 702 714 syllabarum
729 679 925 703 numerum
952 676 1067 713 supra
1093 668 1249 703 allatum
1277 668 1490 703 excesserit.
1534 661 1669 713 Neqde
1695 652 1903 702 membrum
1929 669 1968 703 in
1993 670 2190 715 periodum
2215 666 2416 703 mutabitur

184 731 215 765 si
242 741 317 764 una
343 729 503 764 fortasse
530 728 677 775 syllaba
702 728 918 764 hexametro
944 728 1096 777 longius
1124 729 1212 774 erit,
1240 742 1361 777 neque
1388 729 1497 767 incisi
1523 735 1693 766 naturam
1721 742 1765 766 eo
1792 729 1941 774 induet,
1969 731 2001 766 si
2026 731 2142 775 forte,
2170 730 2350 765 sententia
2375 729 2414 762 id

185 793 418 837 postulante,
449 792 580 825 eodem
608 802 684 836 quo
711 791 870 825 incisum
898 796 954 824 est
979 802 1136 825 numero
1163 791 1406 837 syllabarum.

350 852 405 890 Ut
437 851 475 886 in
509 858 681 898 poemate
714 851 852 898 singuli
886 863 995 886 suum
1029 863 1226 886 numerum
1261 864 1394 886 versus
1426 853 1612 887 obtinent:
1649 852 1703 885 sic
1739 852 1849 885 etiam
1882 852 1921 886 in
1955 853 2125 887 oratione
2159 853 2307 894 eodem,
2341 860 2414 896 quo

184 913 380 961 periodus,
425 912 537 948 modo
572 923 680 947 suum
715 911 875 958 quodvis
912 912 1119 949 membrum
1155 918 1191 948 et
1226 912 1386 949 incisum
1420 924 1615 950 numerum
1656 913 1791 950 habeat
1824 913 2059 961 oportet.'⁸)
2115 914 2248 951 Partes
2282 918 2415 951 autem,

185 976 322 1022 quibus
350 975 528 1021 periodus
556 979 722 1017 constat,
758 974 993 1009 modificatae
1021 986 1102 1009 esse
1141 975 1277 1010 debent
1311 975 1407 1022 (Cic.
1436 975 1483 1010 de
1511 982 1603 1010 orat.
1639 975 1663 1009 l.
1691 974 1764 1010 111.
1801 985 1831 1009 c.
1861 971 1948 1021 48);
1984 986 2080 1021 quae
2115 975 2147 1009 si
2182 974 2220 1009 in
2250 979 2414 1009 extremo

187 1037 379 1073 breviores
408 1042 514 1078 sunt,
550 1035 768 1081 infringitur
804 1034 868 1070 ille
902 1036 1009 1082 quasi
1042 1036 1242 1071 verborum
1278 1036 1452 1072 ambitus.
1508 1035 1744 1083 „Quare'aut
1773 1035 1879 1083 paria
1912 1049 2012 1081 esse,
2045 1037 2180 1073 debent
2212 1034 2418 1082 posteriora

184 1096 459 1145 superioribus,
488 1103 657 1131 extrema
682 1096 832 1143 primis,
862 1102 944 1140 aut,
972 1098 1211 1143 quod‘etiam
1241 1104 1296 1132 est
1324 1098 1458 1133 melius
1485 1104 1521 1132 et
1540 1097 1766 1142 jucundius,
1792 1097 2007 1144 longiora.“

348 1158 435 1193 Jam
464 1157 566 1203 quod
594 1157 642 1192 ad
668 1157 783 1202 pedes
810 1156 942 1192 attinet
970 1157 1007 1192 hi
1035 1158 1191 1193 notandi
1214 1164 1318 1201 sunt,
1347 1170 1462 1204 quum
1491 1158 1650 1193 maxime
1676 1158 1714 1193 in
1743 1158 1914 1194 oratione
1940 1158 2193 1204 reperiantur:

1189 1232 1259 1247 υ-
1282 1222 1408 1251 Jambus

1189 1287 1259 1302 -υ
1281 1273 1414 1304 choreus

1175 1337 1259 1354 υυυ
1281 1327 1451 1356 Trocbaeun
1470 1324 1519 1361 ¹⁷)

1155 1389 1257 1408 -υυ
1277 1379 1427 1418 ΒιοτγΙιιε

1155 1441 1257 1460 υυ-
1280 1432 1474 1469 susp-estun

1168 1502 1257 1507 --
1284 1484 1440 1521 Spondeus

1126 1546 1258 1564 -υυυ
1278 1536 1381 1566 Paeon
1402 1538 1484 1575 prior

1123 1599 1254 1617 υυυ-
1278 1589 1381 1618 Paeon
1402 1590 1549 1626 posterior

1137 1655 1257 1670 -υ-
1281 1640 1418 1671 Creticus

1052 1705 1255 1722 u——u—
1279 1694 1454 1724 Dochmius.
1469 1692 1520 1729 Ιθ)

184 1757 331 1802 Quibus
370 1755 543 1791 omnibus
583 1754 621 1788 in
661 1753 832 1789 oratione
870 1754 1048 1799 permiste
1070 1753 1128 1800 ¹⁰)
1167 1760 1223 1789 est
1260 1755 1458 1789 utendum:
1505 1765 1605 1797 „nec
1636 1753 1732 1789 enim
1772 1754 1936 1802 effugere
1969 1763 2164 1800 possemus
2199 1751 2295 1800 (Cic.
2326 1759 2418 1788 orat.

184 1830 215 1854 ο.
237 1817 304 1865 57)
333 1815 717 1859 animadversionem,
753 1815 784 1850 si
819 1827 967 1862 semper
1000 1816 1131 1850 iisdem
1169 1821 1377 1859 uteremur3
1421 1816 1510 1862 quia
1536 1826 1656 1862 neque
1683 1827 1884 1852 numerosa
1909 1820 1952 1850 ut
1979 1826 2130 1861 poema,
2168 1826 2289 1860 neque
2316 1821 2420 1849 extra

185 1891 402 1921 numerum,
430 1884 472 1913 ut
500 1878 622 1912 sermo
649 1877 755 1923 vulgi
783 1888 864 1911 esse
892 1877 1001 1911 debet
1028 1877 1161 1911 oratio.
1215 1875 1272 1912 Sit
1299 1877 1416 1922 igitur
1442 1876 1620 1922 permista
1646 1882 1681 1911 et
1702 1877 1895 1922 implicata
1920 1875 2102 1919 numeris,
2130 1885 2198 1909 nec
2226 1874 2418 1915 dissoluta,

184 1954 252 1977 nee
279 1946 359 1976 tota
385 1949 599 1981 numerosa,
626 1936 843 1985 paeone¹⁰)
870 1937 1032 1973 maxime
1058 1937 1253 1985 (quoniam
1281 1938 1446 1985 optimus
1473 1943 1616 1982 auctor,
1643 1948 1694 1974 so.
1720 1938 1969 1981 Aristoteles,
1997 1937 2050 1972 ita
2077 1935 2220 1982 censet)
2246 1936 2311 1970 sed
2337 1937 2420 1971 reli-

185 2004 270 2049 quis
298 2002 409 2037 etiam
438 2000 626 2043 numeris,
655 2011 749 2045 quos
775 2000 840 2034 ille
867 1999 983 2045 (idem
1011 1998 1255 2046 Aristoteles)
1282 1999 1478 2045 praeterit,
1505 2003 1744 2045 temperata.“

348 2062 484 2108 Neque
510 2072 601 2096 vero
629 2066 734 2096 tanta
761 2060 947 2096 industria
967 2060 1014 2095 ad
1042 2060 1130 2096 illos
1150 2060 1264 2107 pedes
1291 2059 1535 2108 aspirandum
1557 2066 1623 2105 est,
1651 2071 1726 2107 qua
1747 2061 1894 2108 periodi
1914 2072 2046 2096 sensus
2066 2061 2222 2095 laboret.
2266 2060 2420 2106 „Neque

184 2139 251 2162 vos
279 2137 400 2171 paeon
427 2123 524 2171 (Cic.
549 2124 595 2158 de
616 2129 709 2158 orat.
730 2124 754 2159 l.
774 2123 848 2158 111.
871 2135 902 2158 c.
925 2121 993 2169 50)
1021 2128 1086 2158 aut
1113 2123 1250 2157 herous
1278 2122 1342 2157 ille
1369 2123 1579 2157 conturbet.
1619 2122 1701 2168 Ipsi
1723 2129 1920 2158 occurrent
1941 2122 2121 2164 orationi3
2149 2121 2233 2167 ipsi,
2257 2121 2419 2167 inquam,

186 2201 224 2224 se
252 2187 410 2223 offerent
437 2192 473 2221 et
500 2185 783 2231 respondebunt
809 2197 885 2220 non
912 2184 1074 2219 voeati.“

352 2247 529 2283 Omnium
563 2246 601 2280 id
637 2246 798 2281 maxime
833 2251 889 2281 est
924 2245 1131 2281 cavendum
1165 2256 1212 2280 ne
1246 2245 1284 2281 in
1320 2256 1470 2281 versum
1505 2258 1598 2281 neve
1624 2246 1661 2280 in
1695 2257 1827 2281 versus
1860 2243 2220 2291 similitudinem²¹)
2246 2245 2422 2280 illabatur

185 2310 323 2350 orati03
355 2318 467 2354 quam
500 2308 547 2342 ob
580 2318 657 2342 rem
693 2307 797 2343 nullo
832 2307 927 2353 pede
959 2306 1071 2342 toties
1098 2306 1257 2352 repetito
1285 2307 1467 2343 utendum
1496 2307 1585 2351 erit,
1621 2314 1662 2342 ut
1689 2319 1798 2343 aures
1834 2319 1877 2343 eo
1910 2318 2061 2343 versum
2090 2305 2222 2341 confici
2248 2306 2420 2341 sentiant.

183 2371 311 2407 ‚lambi
339 2370 456 2417 igitur
481 2367 769 2417 trequentes²²)
805 2368 988 2416 imprimis
1016 2375 1105 2404 sunt
1132 2369 1314 2414 evitandi,
1351 2380 1467 2416 quum
1494 2369 1540 2405 iis
1566 2381 1697 2406 versus
1731 2369 1840 2406 facile
1868 2370 2013 2406 oriatur
2038 2375 2219 2413 ortusque
2244 2369 2291 2403 ab
2318 2369 2420 2403 audi-

186 2435 330 2469 toribus
358 2428 672 2478 agnoscatur.²⁸)
725 2431 778 2467 Ut
804 2443 894 2466 vero
923 2430 1062 2476 jambis
1096 2430 1150 2464 sie
1177 2431 1309 2466 ceteris
1337 2431 1448 2466 etiam
1477 2430 1632 2477 pedibus
1668 2431 1812 2467 iteratis
1839 2431 2103 2467 abstinendum
2132 2434 2187 2464 est
2215 2433 2251 2464 et
2276 2430 2421 2476 prospi-

189 2495 361 2531 ciendum
390 2505 437 2528 ne
464 2491 612 2527 duobus
639 2497 721 2537 aut,
749 2492 851 2539 quod
879 2498 934 2528 est
961 2491 1185 2537 maximum,
1212 2493 1332 2529 tribus
1359 2494 1487 2540 plures
1515 2492 1689 2538 deinceps
1715 2491 1991 2538 ponantur.²⁴)

351 2554 397 2589 In
432 2553 568 2599 quovis
603 2554 804 2588 verborum
840 2555 981 2589 ambitu
1017 2553 1244 2600 principium
1279 2565 1322 2589 ae
1356 2554 1441 2590 finis
1475 2553 1692 2599 praesertim
1727 2558 1815 2588 sunt
1850 2551 2138 2594 consideranda3
2176 2556 2373 2591 „nascatur
2398 2564 2420 2586 a

185 2615 352 2663 proceris
380 2614 546 2650 numeris
574 2625 617 2649 ac
644 2614 772 2650 liberis
800 2613 897 2661 (Cic.
922 2615 966 2650 de
990 2621 1084 2650 orat.
1113 2615 1136 2649 l.
1156 2615 1228 2650 111.
1257 2627 1288 2650 c.
1309 2614 1376 2663 50)
1403 2615 1566 2650 maxime
1592 2615 1707 2650 heroo
1736 2628 1838 2655 ,ιυυ
1869 2620 1934 2650 aut
1960 2623 2105 2661 paeone
2129 2636 2260 2653 -νμ,
2284 2612 2419 2658 priore,

185 2684 248 2718 aut
283 2677 421 2712 cretico
457 2701 596 2720 -„-,
639 2676 704 2711 sed
736 2676 841 2711 varie
875 2676 1124 2722 distincteque
1158 2677 1368 2712 considat.“
1428 2676 1552 2723 Magis
1587 2684 1710 2713 autem
1748 2689 1860 2723 quam
1897 2675 2124 2723 principium
2159 2674 2304 2721 periodi
2336 2675 2419 2709 flnis

185 2749 410 2774 numerosus
439 2739 487 2774 sit
515 2743 674 2786 oportet.
730 2737 925 2780 „Notatur
961 2738 1058 2773 enim
1093 2738 1255 2773 maxime
1281 2738 1324 2786 (1.
1352 2738 1400 2785 c.)
1437 2737 1642 2773 similitudo
1670 2739 1709 2774 in
1744 2736 2158 2785 conquiescendo‚“²⁶)
2208 2737 2296 2771 Duo
2329 2748 2418 2770 vero

186 2807 252 2835 aut
277 2807 355 2835 tres
381 2806 468 2834 sunt
494 2800 572 2835 fere
600 2799 757 2834 extremi
784 2799 958 2834 servandi
986 2805 1022 2834 et
1051 2800 1205 2835 notandi
1231 2800 1367 2847 pedes,
1403 2797 1436 2835 si
1462 2798 1573 2835 modo
1601 2811 1676 2837 non
1704 2799 1877 2836 breviora
1911 2805 1947 2836 et
1981 2797 2152 2846 praecisa
2178 2804 2287 2833 erunt
2312 2809 2420 2845 supe·

188 2863 302 2905 τίοι-ας
339 2874 435 2909 quos
462 2869 525 2897 aut
555 2863 711 2897 ohoreos
745 2867 811 2897 aut
844 2862 979 2897 heroos
1014 2866 1079 2896 aut
1112 2861 1277 2897 alternos
1313 2873 1394 2897 esse
1428 2861 1633 2907 oportebit,
1668 2868 1730 2897 aut
1765 2861 1803 2897 in
1840 2872 1984 2908 paeone
2017 2860 2085 2896 illo
2117 2858 2419 2906 posteriore,²⁶)
