2545 3104
1247 131 1308 177 15

103 285 108 292 ·
170 278 307 303 aeneae
332 264 617 303 amoenissimae
642 264 958 311 impendebaut“;
992 270 1049 308 et,
1076 264 1110 299 si
1133 264 1333 300 vitabimus
1364 264 1533 310 ejusdem
1558 264 1688 299 literae
1714 263 1867 298 nimiam
1900 262 2173 305 assiduitatem3
2205 262 2266 298 cui
2291 262 2384 297 vitio

169 340 298 365 versus
323 328 384 364 hic
411 326 482 363 erit
507 326 698 373 exemplo:
724 328 831 374 (nam
854 326 916 363 hic
942 325 1035 362 nihil
1060 325 1235 372 prohibet
1257 326 1297 362 in
1323 325 1444 370 vitiis,
1472 326 1605 361 alienis
1631 325 1812 371 exemplis
1838 323 1930 370 nti3)

357 406 359 409 ·
762 386 826 430 „0
852 387 940 423 Tite
965 391 1045 422 tute
1070 386 1176 431 Tati,
1208 387 1278 424 tibi
1301 392 1407 422 tanta
1430 392 1590 434 tyranne
1614 386 1782 430 tulisti;“

169 457 206 488 et
230 451 264 488 si
288 449 454 498 ejusdem
479 448 586 485 verbi
610 448 868 486 assiduitatem
892 447 1045 485 nimiam
1070 447 1274 496 fugiemus3
1301 461 1346 485 ea
1372 455 1428 485 est
1449 449 1559 496 hujus
1585 449 1706 484 modi:
1734 448 1855 491 „Nam
1882 446 1990 494 cujus
2009 447 2167 483 rationis
2193 448 2288 483 ratio
2309 460 2384 483 non

168 519 305 558 exstet,
340 512 381 547 ei*
406 510 545 546 rationi
576 511 673 547 ratio
706 523 782 547 non
814 517 870 547 est
903 511 1014 546 fldem
1046 510 1231 556 habere“;
1270 516 1308 547 et
1338 510 1371 546 si
1404 522 1480 547 nou
1513 517 1664 547 utemur
1697 509 1931 546 continenter
1963 509 2136 546 similiter
2168 509 2385 546 cadentibus

167 576 307 618 verbis3
334 575 406 609 boc
431 573 563 608 modo:
942 614 945 615 ⁷

761 623 960 668 „Flentes,
986 623 1197 670 plorantes,
1225 622 1484 667 lacrimantes,
1514 624 1790 665 obtestantes“;

168 694 203 723 et
230 687 261 723 si
285 686 484 730 verborum
511 684 812 730 transjectionem
837 685 1059 729 vitabimus,
1086 685 1160 720 nisi
1185 697 1281 731 quae
1308 685 1379 720 erit
1404 686 1603 729 concinna;
1632 697 1708 732 quo
1736 684 1774 719 iu
1800 683 1892 719 vitio
1922 690 1979 719 est
2003 684 2171 720 Lucilius
2198 684 2383 721 assiduus.

166 755 208 785 ut
233 749 304 785 hoc
331 752 387 783 est
411 746 451 783 in
478 746 605 794 priore
630 746 746 783 libro:

759 809 868 851 „Has
894 819 954 843 res
980 808 1029 843 ad
1054 813 1092 843 te
1115 807 1293 853 scriptas,
1318 808 1433 852 Luci,
1461 808 1629 843 misimus
1656 807 1787 844 Aeli.“

165 873 262 909 Item
294 870 424 918 fugere
457 875 606 918 oportet
638 869 789 918 longam
822 870 1022 907 verborum
1054 869 1393 915 continuationem,
1436 882 1532 917 quae
1566 875 1602 906 et
1638 869 1821 906 auditoris
1853 882 1980 914 aures,
2017 876 2054 906 et
2088 871 2246 906 oratoris
2276 870 2385 917 spiri·

164 941 245 969 tum
270 933 396 968 laedit.

203 996 206 1000 '
329 993 435 1029 Haec
462 994 508 1029 de
535 1005 648 1036 sono,
677 992 742 1039 qui
767 992 967 1028 verborum
995 993 1243 1029 collocatione
1270 994 1493 1029 continetur.

329 1055 542 1092 Verborum
569 1054 800 1091 concinnitas
813 1053 849 1102 ⁴)
875 1054 1005 1091 formis
1025 1054 1246 1102 quibusdam
1268 1055 1448 1092 orationis
1472 1061 1629 1091 constat.
1669 1055 1789 1098 „Nam
1811 1068 1927 1102 quum
1950 1062 2016 1091 aut
2036 1068 2104 1102 par
2124 1057 2206 1102 pari
2226 1056 2384 1091 refertur

165 1117 262 1165 (Cic.
290 1123 383 1152 orat.
411 1128 443 1152 c.
468 1114 554 1163 65),
582 1121 647 1151 aut
674 1116 902 1151 contrarium
929 1115 1118 1151 contrario
1147 1117 1369 1163 opponitur,
1397 1123 1478 1161 aut,
1507 1129 1603 1163 quae
1624 1116 1793 1152 similiter
1815 1117 1956 1153 cadunt
1977 1119 2107 1161 verba,
2134 1118 2257 1153 verbis
2284 1129 2383 1152 com·

165 1183 363 1224 parantur:
390 1177 574 1224 quidquid
600 1177 653 1211 ita
679 1170 917 1212 concluditur
941 1177 1161 1223 plerumque
1186 1178 1227 1213 fit
1250 1183 1292 1213 ut
1318 1189 1516 1214 numerose
1543 1179 1693 1214 cadat.“

327 1240 375 1275 Id
401 1250 519 1285 genus
545 1238 745 1280 orationis,
773 1250 847 1283 quo
874 1250 944 1283 par
968 1239 1052 1283 pari
1077 1238 1236 1273 refertur
1260 1239 1285 1273 i.
1313 1251 1346 1274 e.
1372 1240 1475 1285 quod
1500 1241 1612 1274 habet
1636 1240 1675 1274 in
1696 1251 1736 1274 se
1756 1241 1921 1276 membra
1947 1239 2146 1283 orationis,
2174 1250 2268 1285 quae
2295 1250 2383 1273 con·

164 1306 262 1336 stent
294 1299 391 1347 (cie.
418 1300 526 1336 Rhet.
559 1299 607 1335 ad
631 1299 722 1334 Her.
757 1299 781 1335 l.
808 1299 877 1335 IV.
912 1310 942 1335 c.
967 1296 1037 1347 20)
1071 1311 1118 1336 ex
1143 1300 1226 1346 pari
1251 1300 1330 1336 fere
1355 1312 1509 1336 numero
1538 1302 1784 1347 syllabarum,
1820 1314 1974 1348 compar
1999 1302 2220 1348 appellatur.
2276 1301 2383 1342 „Hoc

164 1374 239 1396 non
265 1362 563 1396 dinumeratione
587 1362 650 1395 fiet
676 1361 779 1408 (nam
806 1360 845 1395 id
872 1361 1021 1407 quidem
1047 1360 1228 1409 puerile),
1264 1361 1331 1396 sed
1356 1367 1500 1397 tantum
1528 1361 1658 1398 afferet
1683 1373 1773 1400 usus
1801 1368 1838 1400 et
1865 1363 2083 1400 exercitatio
2110 1362 2314 1406 facultatis,
2342 1367 2384 1398 ut

164 1423 279 1458 animi
304 1425 467 1470 quodam
494 1423 701 1468 sensu‘par
726 1424 933 1458 membrum
960 1424 1146 1468 superiori
1171 1424 1311 1458 referre
1335 1425 1543 1468 possimne,
1570 1426 1641 1458 hoc
1668 1426 1797 1458 modo:
1827 1426 1895 1466 „In
1921 1425 2067 1471 proelio
2095 1430 2252 1473 mortem
2278 1430 2384 1470 pater

165 1484 383 1534 oppetebat,
417 1483 519 1522 domi
544 1482 643 1522 filius
676 1482 825 1532 nuptias
853 1484 1114 1532 comparabat3
1148 1484 1239 1522 haec
1272 1485 1399 1522 omnia
1431 1498 1564 1533 graves
1592 1499 1698 1523 casus
1732 1488 2078 1523 administrabant.“
2130 1488 2244 1522 Item:
2282 1488 2384 1527 „Alii

163 1548 314 1583 fortuna
338 1548 555 1582 facilitatem
583 1547 702 1590 dedit,
738 1547 825 1581 huic
851 1547 1037 1583 industria
1067 1547 1244 1583 virtutem
1271 1548 1537 1596 comparavit.“
1590 1548 1636 1584 In
1663 1548 1735 1585 hoc
1761 1560 1895 1597 genere
1922 1561 2035 1597 saepe
2060 1548 2140 1586 fieri
2165 1553 2308 1596 potest.
2343 1554 2383 1584 ut

163 1622 239 1646 uon
265 1610 378 1656 plane
402 1622 471 1656 par
496 1610 546 1645 sit
571 1621 747 1645 numerus
774 1610 1002 1656 syllabarum
1036 1616 1074 1645 et
1098 1616 1223 1645 tamen
1250 1622 1332 1645 esse
1356 1611 1547 1653 videatur,
1581 1610 1614 1644 si
1640 1613 1733 1654 una,
1765 1617 1831 1646 aut
1857 1612 1968 1646 etiam
2003 1612 2123 1645 altera
2156 1611 2300 1657 syllaba
2329 1617 2382 1644 est
2405 1629 2407 1631 ·

163 1671 384 1707 alterutrum
410 1670 579 1707 breviusz
607 1675 671 1706 aut
697 1670 747 1715 si,
775 1682 890 1717 quum
917 1670 956 1707 in
982 1671 1101 1708 altero
1127 1671 1254 1718 plures
1281 1678 1385 1716 sunt,
1413 1671 1451 1707 in
1478 1673 1596 1707 altero
1617 1672 1783 1718 longior,
1810 1679 1875 1707 aut
1897 1673 2106 1719 longiores,
2133 1673 2291 1718 plenior,
2320 1678 2383 1705 aut

164 1732 352 1779 pleniores
395 1732 561 1779 syllabae
594 1737 717 1767 eruntt
756 1736 798 1767 ut
830 1731 1028 1779 longitudo
1061 1738 1126 1768 aut
1158 1732 1353 1779 plenitudo
1397 1732 1529 1769 harum
1570 1732 1847 1770 multitudinem
1891 1733 2046 1770 alterius
2087 1738 2308 1780 assequatur
2348 1740 2381 1768 et

166 1798 389 1840 exaequet.“

330 1852 570 1891 Contrarium
598 1853 802 1905 opponitur
829 1854 1036 1899 contrario,
1071 1868 1186 1902 quum
1214 1868 1286 1899 „ex
1312 1857 1423 1892 rebus
1450 1856 1608 1891 diversis
1636 1857 1780 1892 duabus
1807 1855 1904 1904 (Cic.
1930 1857 2039 1895 Rhet.
2073 1857 2120 1891 ad
2145 1857 2236 1892 Her.
2262 1857 2286 1890 1.
2313 1856 2380 1890 IV.

165 1928 196 1951 c.
226 1914 291 1964 18)
318 1917 437 1951 altera
462 1916 625 1952 breviter
651 1922 687 1951 et
712 1916 821 1951 facile
847 1917 1105 1962 confirmatur,
1132 1918 1203 1954 hoc
1225 1923 1354 1964 pacto:
1384 1918 1504 1961 „Nam
1527 1918 1591 1964 qui
1617 1918 1694 1954 suis
1721 1918 1929 1953 rationibus
1956 1917 2127 1953 inimicus
2153 1917 2262 1953 fuerit
2288 1929 2380 1952 sem·

163 1989 247 2022 per,
276 1978 360 2012 eum
388 1977 577 2022 quomodo
604 1977 736 2011 alienis
763 1978 874 2012 rebus
897 1979 1057 2013 amicum
1085 1979 1164 2013 iore
1184 1979 1363 2025 speres?“
1406 1979 1456 2014 Et
1474 1980 1582 2014 item:
1611 1980 1732 2023 „Nam
1754 1991 1863 2026 quem
1891 1979 1929 2014 in
1956 1979 2118 2015 amicitia
2142 1977 2378 2025 perfidiosum

138 2039 403 2086 cognoveris,
437 2051 521 2075 eum
556 2051 672 2085 quare
703 2045 812 2085 putes
844 2039 1058 2076 inimicitias
1094 2052 1177 2075 cum
1210 2041 1283 2075 fide
1316 2041 1453 2077 habere
1484 2041 1653 2087 posse?“
1714 2042 1782 2076 Et:
1819 2041 1924 2086 „Qui
1956 2041 2122 2086 privatus
2153 2040 2379 2075 intolerabili

165 2101 342 2146 superbia
366 2101 499 2144 fuerit,
534 2112 618 2135 eum
643 2101 880 2136 commodum
906 2107 944 2137 et
969 2102 1030 2137 sui
1055 2109 1342 2149 cognoscentem
1368 2103 1450 2138 iore
1476 2103 1515 2138 in
1541 2108 1745 2149 potestate,
1783 2103 1847 2148 qui
1878 2102 2054 2148 speres?“
2105 2101 2171 2135 Et:
2207 2100 2312 2145 „Qui
2339 2101 2378 2136 in

164 2162 397 2199 sermonibus
424 2168 460 2199 et
486 2162 525 2198 in
552 2168 739 2198 conventu
765 2163 971 2199 amicorum
996 2175 1127 2200 verum
1156 2164 1292 2200 dixerit
1318 2177 1528 2211 nunquam,
1557 2177 1641 2200 eum
1669 2165 1740 2200 sibi
1767 2165 1805 2199 in
1833 2164 2069 2199 concionibus
2090 2162 2209 2197 credis
2235 2175 2258 2197 a
2277 2175 2379 2198 men-

165 2223 272 2259 dacio
299 2224 647 2272 temperaturum?“
690 2223 775 2259 Hoc
801 2224 1056 2261 exornationis
1083 2238 1201 2274 genus
1220 2227 1396 2263 brevibus
1416 2232 1453 2262 et
1472 2226 1699 2262 continuatis
1726 2226 1897 2262 membris
1923 2223 2125 2271 perfeetum
2152 2235 2234 2259 esse
2257 2224 2378 2265 debet.

164 2292 201 2322 et
227 2298 342 2333 quum
370 2287 607 2323 commodum
634 2292 690 2322 est
714 2281 846 2322 auditu
871 2294 1026 2333 propter
1051 2289 1201 2324 brevem
1229 2294 1266 2324 et
1291 2289 1500 2323 absolutam
1529 2289 1822 2329 conclusionem,
1850 2293 1926 2320 tum
1953 2297 2041 2318 vero
2062 2286 2302 2320 vehementer
2328 2287 2377 2326 id,

163 2347 265 2393 quod
292 2359 386 2395 opus
414 2354 470 2384 est
496 2348 654 2392 oratori,
682 2348 902 2394 comprobat
928 2349 1117 2385 contraria
1141 2361 1181 2385 re
1208 2355 1245 2385 ει
1271 2361 1319 2385 ex
1346 2361 1407 2395 eo,
1444 2350 1545 2397 quod
1572 2349 1725 2385 dubium
1751 2360 1824 2383 non
1851 2353 1925 2390 est,
1959 2346 2111 2393 expedit
2137 2347 2250 2391 illud,
2278 2349 2379 2394 quod

163 2409 318 2445 dubium
344 2416 419 2453 est,
444 2416 487 2445 ut
512 2416 578 2445 aut
603 2410 698 2445 dilui
722 2422 799 2444 non
824 2410 964 2455 possit,
991 2417 1057 2445 aut
1080 2411 1198 2445 multo
1227 2410 1445 2445 difficillime
1469 2411 1630 2457 possit.“

326 2468 508 2507 Similiter
532 2471 668 2506 cadens
695 2470 791 2518 (Cic.
817 2471 925 2507 Rhet.
954 2472 1003 2507 ad
1026 2472 1116 2507 Her.
1144 2472 1169 2507 1.
1193 2472 1263 2508 IV.
1291 2484 1322 2507 c.
1351 2470 1420 2519 20)
1449 2471 1641 2507 exornatio
1668 2470 1892 2516 appellatur,
1927 2481 2043 2515 quum
2071 2471 2109 2505 in
2138 2472 2266 2506 eadem
2293 2484 2379 2507 con-

165 2530 372 2567 structione
396 2533 595 2568 verborum
623 2533 698 2568 duo
724 2538 790 2568 aut
814 2532 925 2578 plura
950 2538 1038 2569 sunt
1062 2533 1191 2577 verba,
1223 2544 1320 2579 quae
1346 2533 1518 2568 similiter
1541 2532 1669 2567 iisdem
1705 2531 1852 2566 casibus
1891 2530 2113 2577 efferuntur,
2147 2533 2218 2569 hoc
2245 2535 2378 2570 modo:

165 2592 391 2634 „Hominem
415 2594 548 2630 laudas
574 2600 744 2641 egentem
769 2594 938 2638 virtutis,
965 2594 1216 2629 abundantem
1242 2594 1464 2629 felicitatis.“
1504 2594 1616 2628 Item:
1644 2592 1775 2637 „eujus
1800 2592 1922 2628 omnis
1948 2593 1988 2629 in
2014 2594 2174 2640 pecunia
2199 2606 2284 2641 spes
2311 2603 2377 2640 est,

163 2652 242 2699 ejus
266 2665 292 2689 a
315 2654 500 2701 sapientia
523 2661 582 2691 est
606 2655 753 2692 animus
778 2659 985 2692 remotus.“
1020 2676 1073 2683 —-
1105 2655 1286 2693 Similiter
1312 2656 1482 2691 desinens
1509 2660 1581 2697 est,
1616 2665 1731 2699 quum
1757 2654 1909 2689 tametsi
1941 2666 2050 2690 casus
2084 2667 2160 2690 non
2186 2656 2313 2692 insunt
2339 2658 2377 2693 in

162 2714 303 2758 verbis,
330 2720 455 2752 tamen
482 2716 624 2752 similes
649 2716 772 2752 exitus
798 2723 904 2761 sunt,
930 2717 1004 2752 hoc
1028 2723 1158 2764 pacto:
1187 2717 1389 2764 „Turpiter
1412 2715 1526 2750 audes
1552 2714 1692 2759 facere,
1719 2715 1893 2761 nequiter
1918 2715 2046 2751 studes
2065 2716 2223 2751 dicere.“
2264 2718 2373 2754 Item:

165 2775 297 2818 „Vivis
323 2775 524 2821 invidiose,
551 2778 733 2824 relinquis
760 2779 944 2822 studiose,
969 2778 1139 2824 loqueris
1165 2778 1330 2814 odiose.“
1380 2776 1485 2811 Haec
1511 2776 1585 2810 duo
1612 2787 1767 2822 genera,
1803 2788 1963 2822 quorum
1990 2777 2148 2812 alterum
2177 2777 2215 2812 in
2242 2779 2375 2822 exitus,

163 2836 322 2872 alterum
349 2836 390 2871 in
415 2847 524 2873 casus
550 2838 795 2874 similitudine
817 2844 990 2875 versatur
1013 2839 1112 2875 iuter
1137 2851 1178 2875 se
1202 2840 1436 2875 vehementer
1462 2837 1707 2873 conveniunt:
1735 2843 1773 2873 et
1795 2850 1840 2873 ea
1857 2850 1898 2873 re
1919 2837 1988 2882 his,
2015 2838 2082 2884 qui
2106 2838 2200 2874 bene
2221 2845 2377 2876 utuntur

166 2898 385 2945 plerumque
411 2898 522 2934 simul
549 2912 593 2935 ea
619 2901 806 2937 collocant
831 2901 870 2936 in
896 2901 1027 2937 iisdem
1054 2902 1222 2948 partibus
1249 2898 1440 2936 orationis.
1491 2898 1537 2934 Id
1564 2899 1634 2934 hoc
1660 2906 1772 2946 pacto
1798 2900 1878 2934 fieri
1902 2906 2069 2946 oportet:
2096 2901 2377 2942 „Pei-ditissima
