2545 3104
1255 87 1317 132 2⁰

706 218 815 267 cAr.
849 218 935 267 vll.
1000 219 1077 267 11111
1107 234 1289 267 nuere
1321 218 1519 268 oratorie
1549 218 1609 265 sit
1638 218 1861 300 utendum.

1155 315 1217 345 cic.
1240 321 1316 345 orat.
1339 326 1365 346 c.
1391 312 1438 346 19.
1482 317 1659 352 Quamquam
1680 314 1754 342 eonion
1775 316 1867 344 munic
1889 317 1993 345 locutio
2014 318 2108 345 oratio
2130 322 2181 352 eet,
2202 321 2295 344 tamen
2314 315 2399 343 unius

1156 368 1283 396 oratoris
1304 361 1409 397 locutu)
1430 368 1482 397 hoc
1498 375 1621 406 propno
1642 366 1758 405 muz
1775 366 1888 398 nomine
1910 373 1962 398 est.

331 440 469 494 Quum,
500 440 623 487 qualis
650 421 818 499 quusvis
841 441 953 489 pedis
981 446 1116 477 natura
1143 446 1179 476 et
1206 452 1296 476 usus
1323 440 1392 487 sit,
1420 453 1533 508 supra
1560 439 1814 477 docuerimus:
1835 440 1935 488 Jam,
1961 431 2026 478 11111
2052 453 2228 480 numerus
2254 441 2292 478 in
2318 441 2399 478 uni-

161 514 311 538 versum
339 502 579 547 adhibeatur,
609 503 861 539 ostendemus.

329 565 382 602 Ut
411 564 535 600 forma
561 565 716 612 quaevis
745 577 792 600 ex
821 577 864 601 eo
898 566 1054 613 pendet,
1084 565 1189 613 cujus
1218 565 1264 601 ad
1295 565 1495 615 imaginem
1523 565 1605 613 ips'a
1630 571 1686 602 est
1712 569 1815 601 orta:
1843 564 1898 601 sic
1917 565 2116 612 cujuslibet
2140 566 2248 603 etiam
2269 564 2398 601 dictio-

162 627 219 662 nis
246 627 368 662 forma
394 627 604 663 sententiae
631 633 767 662 natura
783 627 816 675 ¹)
845 627 1131 671 determinatur;
1166 640 1261 675 quae
1288 628 1319 662 si
1345 629 1432 664 talis
1459 634 1516 676 est
1544 634 1586 662 ut
1613 638 1810 662 numerum
1844 627 1972 674 exigat
2001 629 2225 673 oratorium,
2258 639 2301 662 eo
2329 626 2399 661 erit

160 688 359 733 utendum,
405 688 480 724 nisi
513 689 736 739 sententiam
780 688 934 724 induere
974 689 1069 724 velis
1103 696 1208 725 veste
1247 689 1281 724 ei
1322 701 1399 725 non
1438 690 1551 746 plane
1586 688 1819 738 congruenti.
1880 687 2096 739 Sententiae
2137 696 2260 726 autem
2293 688 2397 724 indo-

160 751 233 785 lem
266 757 505 798 perspectam
538 751 676 787 habere
711 756 747 786 et
780 751 898 795 scire,
943 750 1034 796 quid
1069 751 1188 786 cuivis
1230 750 1411 786 orationis
1453 750 1580 807 generi
1619 749 1818 786 conveniat
1859 748 1938 796 ejus
1976 757 2056 796 est,
2098 752 2162 798 qui
2196 763 2264 797 ea,
2303 761 2397 798 quae

160 811 274 848 sentit
301 818 339 849 et
366 812 507 859 cogitat
533 811 656 848 verbis
690 818 776 857 apte
804 813 1119 858 comprehendere
1147 814 1280 848 debeat
1307 814 1330 847 i.
1359 826 1389 848 e.
1423 810 1640 865 κατ’ἐξοχῆν
1674 812 1897 857 eloquentie.
1909 811 1967 859 ²)
2002 814 2069 854 „Is
2104 814 2203 848 enim
2235 819 2290 847 est
2322 807 2414 847 elo·'

161 885 280 920 quens
308 872 406 921 (Cic.
430 879 522 909 orat.
551 885 581 908 c.
599 870 679 920 29),
705 872 774 920 qui
794 878 831 909 et
850 873 1007 909 humilia
1026 874 1214 910 subtiliter
1241 881 1277 910 et
1303 874 1381 910 alta
1407 874 1571 923 graviter
1598 879 1634 910 81
1661 872 1868 910 mediocria
1892 878 2097 923 temperate
2121 880 2246 923 potest
2265 874 2395 911 dicere.

159 935 284 971 Nemo
310 936 361 978 is,
390 936 556 993 inquies,
584 935 667 970 fuit.
702 935 764 970 Ne
790 936 913 976 fuerit.
955 937 1039 981 Ego
1068 937 1184 979 enim,
1213 937 1304 981 quid
1325 937 1550 981 desiderem,
1578 946 1671 978 non,
1700 934 1791 980 quid
1813 933 1990 979 viderim,
2018 935 2185 982 disput03
2213 935 2397 982 redeoque

159 995 207 1032 ad
236 995 339 1032 illam
365 995 537 1032 Platonis
565 995 620 1033 rei
649 995 810 1032 formam
839 1002 875 1032 et
902 996 1084 1045 speciem3
1120 1009 1231 1044 quam
1260 996 1329 1033 etsi
1363 1010 1440 1033 non
1474 996 1678 1040 cernimus,
1711 1003 1838 1033 tamen
1872 996 1997 1032 animo
2031 1003 2159 1040 tenere
2190 1009 2396 1044 possumus.

159 1058 248 1093 Non
277 1058 375 1093 enim
403 1058 642 1105 eloquentem
670 1069 831 1104 quaero,
869 1070 990 1106 neque
1017 1059 1222 1106 quidquam
1249 1059 1408 1094 mortale
1444 1063 1479 1094 et
1506 1058 1705 1102 caducum,
1740 1056 1806 1093 sed
1831 1056 1927 1094 illud
1954 1058 2096 1106 ipsum,
2130 1059 2235 1107 cujus
2262 1059 2326 1106 qui
2351 1058 2398 1096 sit

159 1132 333 1166 compos,
369 1119 418 1155 sit
452 1119 651 1166 eloquens3
687 1120 789 1165 quod
817 1120 908 1155 nihil
944 1127 998 1155 est
1032 1121 1154 1165 aliud,
1194 1121 1266 1155 nisi
1302 1121 1517 1167 eloquentia
1552 1120 1655 1166 ipsa,
1690 1131 1803 1165 quam
1839 1120 1971 1164 nullis,
2006 1121 2079 1155 nisi
2111 1121 2245 1156 mentis
2281 1121 2396 1155 oculis

158 1182 293 1217 videre
316 1185 562 1228 possumus.“

325 1243 549 1280 Locutionis
576 1250 652 1279 tres
680 1249 769 1279 sunt
795 1244 938 1290 species
967 1250 1003 1279 et
1030 1256 1069 1279 re
1096 1250 1132 1280 et
1159 1244 1280 1280 forma
1307 1243 1499 1288 diversae;
1533 1255 1690 1291 quarum
1718 1242 1856 1290 prima,
1890 1255 1987 1290 quae
2014 1244 2151 1280 nudam
2180 1245 2397 1281 sententiam

159 1306 257 1352 aptis
284 1311 430 1341 tantum
457 1292 583 1340 verbis
616 1305 729 1339 habet
762 1318 995 1351 expressam,
1030 1306 1223 1352 sermo,³)
1259 1308 1399 1350 altera,
1435 1318 1530 1351 quae
1556 1305 1705 1339 nonnisi
1740 1305 1868 1340 metris
1903 1310 2067 1349 constat,
2098 1305 2243 1351 poesis,
2278 1305 2396 1348 tertia,

159 1378 256 1414 quae
291 1372 348 1403 est
380 1366 505 1402 media
537 1366 635 1402 inter
671 1366 776 1410 illas,
820 1367 941 1402 oratio
978 1368 1199 1413 appellatur.
1257 1367 1363 1402 Haec
1397 1367 1513 1410 enim,
1556 1367 1643 1412 dum
1681 1366 1903 1401 sententiam
1937 1367 2035 1411 aptis
2076 1367 2200 1401 verbis
2234 1368 2396 1401 continet

159 1440 394 1474 expressam,
428 1439 522 1462 sono
552 1427 665 1462 simul
701 1438 936 1474 numeroque
969 1429 1188 1472 accedente,
1221 1436 1353 1463 versus
1386 1428 1522 1472 instar,
1556 1426 1781 1474 principium
1815 1438 1862 1462 ex
1897 1438 1937 1463 se
1971 1426 2083 1463 habet
2108 1438 2152 1463 ac
2186 1427 2395 1464 terminum.

161 1491 286 1535 Quum
313 1490 447 1535 poesis·
466 1489 619 1524 nonnisi
644 1495 765 1523 metro
786 1496 945 1531 constet,
974 1491 1019 1523 de
1042 1496 1199 1536 utraque
1223 1490 1348 1523 soluta
1366 1490 1556 1524 locutione
1575 1494 1720 1524 tantum
1741 1488 1952 1524 accuratius
1972 1489 2080 1525 nobis
2102 1488 2299 1524 dicendum
2316 1488 2394 1525 erit.

326 1550 508 1597 Quamvis
536 1563 598 1595 ea,
634 1562 731 1597 quae
758 1562 882 1587 sermo
911 1551 1049 1588 dicitur
1082 1551 1223 1587 locutio
1251 1564 1407 1587 numero
1436 1551 1600 1586 oratorio
1628 1551 1666 1585 in
1694 1550 1911 1603 universum
1946 1558 2089 1585 careat:
2122 1558 2246 1586 tamen
2273 1554 2332 1586 vel
2358 1554 2395 1587 in

158 1625 202 1649 ea
227 1624 305 1648 non
332 1612 456 1648 solum
482 1608 652 1647 adhiberi
677 1616 822 1658 potest,
861 1611 927 1647 sed
955 1612 1081 1657 debet,
1116 1612 1147 1648 si
1174 1612 1324 1660 quidem
1351 1612 1406 1648 rei
1433 1619 1567 1649 natura
1594 1612 1798 1649 oratorium
1828 1613 1992 1649 colorem
2019 1613 2160 1659 poscit3
2194 1620 2272 1648 tum
2301 1613 2397 1649 enim

157 1677 207 1718 is,
245 1675 311 1720 qui
336 1675 467 1710 scribit
492 1674 554 1708 vel
577 1674 749 1718 loquitur
775 1674 937 1708 oratoris
972 1685 1126 1708 munere
1159 1674 1329 1720 iungitur
1361 1686 1405 1708 ac
1441 1686 1563 1709 sermo
1597 1674 1677 1720 ipse
1712 1674 1833 1709 oratio
1868 1675 1927 1719 fit,
1962 1685 2188 1721 quamquam
2216 1674 2395 1720 ejusmodi

158 1736 300 1772 locutio
334 1741 455 1771 tracta
488 1741 524 1770 et
558 1735 697 1779 fluens,
734 1735 821 1770 dum
855 1746 946 1770 vem.
980 1736 1101 1770 oratio
1136 1736 1232 1771 acris
1266 1742 1302 1771 et
1340 1742 1513 1771 contorta
1547 1748 1627 1770 esse
1660 1736 1779 1770 debet.
1832 1736 2001 1771 Numero
2035 1736 2088 1770 ita
2121 1736 2159 1770 in
2192 1736 2397 1782 historia⁴)

158 1798 339 1833 utendum
374 1802 450 1840 est,
489 1796 557 1839 „in
586 1807 661 1842 qua
695 1795 792 1843 (Cic.
821 1801 914 1831 orat.
943 1807 974 1831 c.
1001 1794 1069 1843 20)
1105 1803 1141 1831 et
1174 1803 1348 1832 narratur
1383 1804 1514 1832 ornate
1548 1803 1583 1832 et
1616 1797 1719 1843 regio
1750 1806 1865 1843 saepe
1899 1803 1964 1832 aut
1997 1807 2124 1843 pugna
2156 1797 2396 1837 describitur:

157 1860 448 1904 interponuntur
486 1857 598 1892 etiam
627 1857 828 1892 conciones
856 1863 892 1892 et
917 1858 1241 1893 adhortationes.“
1295 1858 1389 1894 Jurc
1424 1862 1547 1892 autem
1585 1867 1705 1893 sermo
1741 1857 1878 1893 dicitur
1901 1857 2220 1904 Philosophorum
2256 1857 2396 1892 locutio

158 1920 197 1957 in
224 1931 317 1968 qua,
352 1920 422 1956 etsi
451 1931 527 1956 non
563 1931 681 1964 sono,
715 1924 840 1972 tamen
868 1932 1025 1956 numero
1054 1919 1206 1955 omnino
1233 1919 1494 1956 abstinendum
1524 1927 1598 1963 est,
1633 1933 1746 1965 quum
1775 1933 1921 1968 rerum,
1957 1932 2050 1966 quas
2077 1926 2239 1963 tractant
2264 1925 2398 1954 natura

156 1982 243 2017 talis
277 1982 345 2026 sit,
381 1981 505 2029 qualis
539 1993 624 2017 eum
656 1993 736 2027 non
772 1981 969 2017 desideret.
1034 1981 1193 2024 „Mollis
1228 1987 1284 2018 est
1319 1981 1417 2018 enim
1453 1979 1550 2029 (Cic.
1578 1987 1670 2018 orat.
1708 1993 1739 2017 c.
1772 1979 1833 2030 19)
1866 1980 1986 2018 oratio
2019 1980 2328 2028 philosophorum
2362 1988 2396 2016 et

156 2045 386 2087 umbratilis,
427 2056 495 2079 nec
530 2044 725 2079 sententiis
759 2056 827 2079 nec
859 2044 984 2078 verbis
1020 2044 1203 2078 instructa
1235 2044 1500 2089 popularibus,
1535 2054 1602 2076 nec
1628 2043 1753 2077 vincta
1789 2044 1955 2083 numeris
1983 2043 2047 2078 sed
2081 2043 2206 2077 soluta
2230 2042 2395 2078 liberius.

157 2106 263 2142 Nihil
290 2105 426 2142 iratum
456 2106 585 2150 habet,
613 2105 707 2141 nihil
733 2105 922 2150 invidum,
949 2105 1044 2142 nihil
1070 2112 1195 2150 atrox,
1222 2106 1316 2142 nihil
1342 2106 1525 2149 mirabile,
1553 2105 1645 2141 nihil
1671 2112 1856 2142 astutum:
1885 2112 2005 2149 casta,
2033 2105 2261 2149 verecunda,
2287 2105 2394 2152 virgo

159 2169 379 2213 incorrupta
405 2168 721 2213 quodammod0.“

324 2230 379 2265 At
404 2241 494 2265 vero
525 2240 702 2264 numerus
737 2229 775 2264 111
804 2229 965 2264 oratoris
994 2228 1157 2264 dictione
1191 2226 1373 2276 imprimis
1407 2228 1531 2264 locum
1565 2241 1672 2264 suum
1708 2229 1837 2273 habet,
1873 2240 1969 2275 quae
2003 2235 2045 2263 ut
2078 2240 2156 2264 rem
2184 2229 2394 2274 exponendi

159 2291 323 2333 ratione,
353 2290 407 2325 sic
434 2291 516 2336 ipsa
543 2289 655 2325 etiam
682 2290 802 2325 forma
828 2290 1042 2326 auditorum
1070 2289 1214 2326 animos
1242 2282 1400 2342 delectet
1428 2301 1470 2325 ac
1493 2297 1724 2326 commoveat
1746 2296 1905 2338 oportet.
1951 2290 2078 2332 Variis
2106 2295 2229 2326 autem
2251 2291 2395 2325 numeri

158 2354 289 2390 formis
316 2352 495 2399 permiste
522 2358 578 2387 est
604 2352 801 2395 utendum,
835 2358 877 2388 ut
904 2353 998 2387 nihil
1033 2353 1079 2387 de
1105 2352 1291 2388 industria.
1315 2342 1455 2391 factum
1489 2360 1553 2387 aut
1580 2354 1789 2397 quaesitum
1816 2353 2001 2388 sentiatur
2026 2363 2277 2396 numerusque
2304 2352 2394 2396 ipse,

158 2425 272 2459 quam
298 2413 461 2464 maxime
492 2412 573 2447 fieri
599 2418 744 2459 potest,
784 2413 908 2449 lateat.
922 2412 958 2459 ⁵)
1011 2413 1212 2454 „Primum
1240 2415 1338 2450 enim
1374 2412 1472 2460 (Cic.
1500 2420 1591 2449 orat.
1627 2425 1658 2449 c.
1684 2411 1752 2460 64)
1785 2425 1963 2449 numerus
1995 2412 2227 2460 agnoscitur,
2263 2411 2395 2446 deinde

158 2475 286 2517 satiat3
314 2480 446 2520 postea
466 2474 618 2520 cognita
638 2473 816 2508 facilitate
836 2474 1122 2509 contemniturae
1163 2475 1293 2510 Nihilo
1315 2482 1438 2510 tamen
1459 2474 1580 2510 minus
1604 2474 1737 2519 oratio,
1765 2475 1797 2510 si
1818 2475 1976 2519 abesset,
2004 2473 2226 2522 gravissimo
2253 2479 2393 2508 careret

159 2534 442 2581 ornamento.⁸)
492 2535 638 2571 Pedum
666 2535 785 2581 igitur
809 2541 944 2570 natura
971 2535 1062 2570 satis
1089 2536 1239 2581 cognita
1265 2538 1401 2570 ora‘to'r·
1419 2536 1504 2570 illos
1529 2546 1599 2582 pro
1626 2530 1820 2570 sententiis
1853 2536 1963 2571 etiam
1992 2537 2105 2582 eliget
2131 2540 2173 2568 ut
2194 2534 2393 2568 verborum

157 2596 338 2641 ambitus,
365 2596 396 2632 si
424 2596 490 2643 qui
516 2601 620 2640 sunt,
655 2600 742 2642 apte
770 2596 1053 2632 concludantur.
1107 2595 1299 2638 „Cursum
1326 2596 1583 2632 contentiones
1618 2593 1715 2644 (Cic.
1744 2603 1837 2633 orat.
1875 2608 1906 2633 c.
1934 2594 2002 2646 6⁴1)
2041 2594 2159 2643 magis
2186 2594 2392 2646 requirunt.

159 2659 413 2706 expositiones
450 2670 576 2694 rerum
610 2657 918 2706 tarditatem-⁸⁰¹)
973 2657 1078 2702 „Sed
1113 2665 1207 2705 quot
1241 2659 1363 2706 officia
1390 2659 1556 2708 ‚oratoris
1590 2658 1686 2706 (Cic.
1723 2665 1816 2695 orat.
1859 2671 1890 2695 c.
1922 2656 2009 2707 21),
2027 2653 2029 2655 ¹
2047 2646 2104 2694 101
2138 2663 2225 2693 sunt
2257 2669 2394 2703 genera

159 2721 320 2756 dicendi.
365 2719 512 2757 Subtile
538 2720 579 2756 111
604 2721 824 2769 probando,
851 2721 1041 2758 modicum
1068 2720 1104 2757 in
1133 2721 1374 2765 delectando,
1401 2720 1598 2760 vehemens
1625 2721 1671 2764 in,
1690 2721 1896 2764 flectendo3
1923 2721 1962 2757 i‘n
1989 2732 2065 2767 quo
2091 2731 2167 2756 uno
2193 2718 2251 2754 vis
2272 2719 2392 2754 omnis

157 2784 319 2818 oratoris
348 2790 426 2818 est.
446 2809 552 2817 .....
604 2783 693 2817 Non
721 2783 819 2817 enim
848 2783 969 2818 omnis
1004 2782 1171 2824 fortuna,
1213 2794 1288 2816 non
1316 2781 1438 2816 omnis
1468 2783 1609 2826 honos,
1644 2794 1720 2817 non
1756 2783 1878 2817 omnis
1911 2782 2133 2824 auctoritas,
2168 2791 2244 2814 non
2271 2780 2392 2815 omnis

158 2849 272 2888 aetas,
300 2855 370 2879 nec
393 2855 483 2879 vero
510 2843 616 2879 locus
643 2849 709 2880 aut
734 2849 902 2891 tempus,
930 2849 995 2879 aut
1022 2843 1172 2879 auditor
1198 2844 1339 2887 omnis,
1368 2843 1497 2879 eodem
1519 2851 1583 2879 aut
1608 2845 1806 2880 verborum
1829 2857 1966 2890 genere
1989 2842 2207 2879 tractandus
2234 2848 2300 2885 est,
2328 2849 2390 2877 aut
