2545 3104
1112 402 1466 470 CICERO.

884 571 992 618 cst.
1025 571 1058 618 1.
1122 570 1231 640 equ
1260 571 1318 618 sit
1347 575 1501 619 emto
1531 571 1689 620 aare.

1159 668 1261 698 Cicero
1289 670 1325 697 de
1346 673 1422 699 orat.
1451 670 1472 698 1.
1492 669 1546 698 111.
1577 679 1603 698 e.
1624 663 1675 697 22.
1720 669 1839 705 Semper
1865 670 1955 705 enirn,
1988 681 2153 710 meumque
2181 672 2216 701 de
2243 677 2306 700 arte
2336 677 2386 700 aut

1149 718 2134 762 fammdedwhaeudpmfeetaqmeffsolet.
2184 723 2330 754 Visa-im
2360 730 2386 754 et

1155 772 1344 807 natamus,
1371 772 1934 809 ns‘ss'peffleoa'onoeoculoepont’kr,
1962 775 2384 813 wammam-

1157 824 1210 867 Ἐφ’
1230 835 1287 856 non
1301 830 1405 864 poten.

168 876 243 939 Ut
269 899 425 935 verbum
461 897 622 945 quodvis
653 907 675 931 e
708 895 889 939 notionis,
905 894 938 942 ¹)
977 906 1089 941 quam
1115 895 1299 943 significat
1332 902 1483 932 natura:
1516 895 1569 930 sie
1595 895 1793 930 verborum
1827 897 2112 946 complexus‚²)
2146 898 2266 946 qualis
2291 898 2338 933 sit
2365 909 2383 931 e

168 961 352 998 sententia
386 959 540 1007 pendet,
576 969 671 1004 quae
703 957 862 1004 exprimi
888 956 1009 992 debet.
1067 956 1143 1002 Qui
1168 958 1368 994 verborum
1396 957 1614 1004 complexus
1637 956 1672 993 si
1702 956 1788 993 talis
1822 963 1879 994 est
1911 963 1953 994 ut
1985 959 2190 996 sententiae
2213 960 2383 1007 praebeat

170 1024 427 1067 simulacrum,
450 1020 572 1068 ,quod
605 1019 756 1056 auribus
789 1018 931 1066 percipi
971 1023 1083 1065 queat
1121 1017 1460 1063 accuratissimum,
1501 1018 1683 1065 ejusmodi
1714 1018 1894 1055 orationis
1936 1020 2055 1056 oritur
2096 1020 2233 1065 forma,
2275 1032 2383 1068 quam

168 1091 338 1121 ornatam
364 1083 611 1118 nominemus.
665 1079 798 1116 Cicero
824 1080 870 1115 de
896 1085 1034 1115 orator.
1060 1081 1085 1115 1.
1112 1081 1185 1116 111.
1220 1092 1251 1116 c.
1280 1080 1346 1116 14:
1383 1081 1452 1123 „In
1479 1092 1552 1126 quo
1578 1080 1712 1127 igitur,
1739 1081 1873 1127 inquit,
1899 1081 2068 1118 homines
2095 1083 2383 1118 exhorrescunt?

167 1145 288 1192 Quem
324 1143 524 1192 stupefacti
557 1143 739 1178 dicentem
773 1140 988 1177 intuentur?
1005 1167 1118 1177 .....
1173 1140 1248 1187 Qui
1282 1141 1473 1185 distincte,
1507 1140 1573 1188 qui
1598 1141 1800 1188 explicate,
1833 1142 1899 1189 qui
1925 1143 2176 1188 abundanter,
2210 1144 2275 1190 qui
2301 1144 2383 1179 illu-

166 1208 306 1243 minate
332 1213 368 1241 et
395 1207 505 1241 rebus
534 1210 570 1239 et
595 1203 719 1239 verbis
752 1203 881 1237 dieunt
909 1209 945 1237 et
971 1202 1008 1237 in
1037 1203 1119 1249 ipsa
1146 1203 1314 1239 oratione
1349 1204 1457 1250 quasi
1488 1203 1670 1249 quendam
1698 1214 1892 1239 numerum
1918 1216 2142 1251 versumque
2175 1206 2382 1246 conficiunt,

166 1271 205 1305 id
232 1277 307 1311 est,
336 1268 400 1314 qui
427 1267 556 1302 dicunt
583 1269 747 1301 ornate.“
764 1264 802 1310 ⁸)

333 1328 444 1366 Unde
471 1327 640 1374 sequitur
665 1332 707 1361 ut
734 1332 865 1361 ornata
891 1325 1053 1361 dictione
1079 1336 1256 1361 numerus
1283 1325 1534 1368 continentum
1562 1326 1643 1372 qui,
1671 1326 1791 1372 qualis
1819 1326 1868 1361 sit
1887 1326 1965 1372 jam
1994 1327 2193 1362 videamus.

283 1421 312 1458 ')
334 1423 397 1452 Cic.
419 1425 456 1452 de
478 1427 552 1453 oret.
574 1423 594 1451 1.
616 1422 654 1450 11.
677 1431 702 1450 e.
724 1418 754 1449 2.
797 1421 898 1450 Verba
919 1429 1034 1458 semper
1063 1422 1138 1450 satis
1159 1424 1266 1450 ornata
1293 1421 1365 1450 mihi
1387 1422 1504 1457 quidem
1525 1400 1622 1450 videri-
1647 1421 1760 1456 solent,
1789 1421 1815 1449 si
1837 1422 1982 1458 ejusmodi
2004 1427 2088 1457 sunt,
2118 1427 2153 1451 ut
2182 1431 2216 1451 ea
2242 1431 2287 1450 res
2318 1424 2383 1458 ipsa

425 1477 432 1484 '
452 1484 484 1504 se
505 1476 651 1504 videatur.

279 1526 312 1563 ²)
332 1484 458 1557 ἕπεο
480 1532 556 1557 orat.
579 1528 600 1556 l.
622 1526 676 1555 m.
699 1535 724 1555 c.
746 1521 799 1553 31.
837 1525 947 1554 Rerum
968 1526 1047 1554 enim
1068 1525 1153 1561 copia
1173 1526 1332 1553 verborum
1353 1525 1469 1561 copiam
1490 1526 1601 1561 gignit:
1623 1530 1654 1553 et
1674 1526 1700 1553 si
1721 1528 1767 1553 est
1788 1525 1928 1554 honestas
1948 1526 1981 1553 in
2001 1527 2089 1554 rebus
2110 1527 2199 1563 ipsis,
2220 1528 2256 1554 de
2277 1527 2381 1562 quibus

332 1582 454 1617 dieitur,
478 1582 585 1611 existit
606 1589 645 1610 ex
666 1587 703 1609 ee
722 1579 868 1609 naturalis
890 1578 1011 1616 quidm
1032 1578 1171 1615 splendor
1191 1578 1224 1607 in
1244 1578 1344 1608 verbis
1366 1578 1387 1607 1.
1409 1577 1463 1606 m.
1485 1586 1510 1606 c.
1532 1572 1561 1606 6.
1594 1577 1671 1607 Nam
1694 1586 1784 1615 quum
1806 1578 1900 1608 omnis
1922 1587 1962 1607 ex
1983 1587 2015 1607 re
2037 1582 2127 1616 atque
2147 1579 2246 1609 verbis
2269 1584 2382 1608 constet

329 1635 442 1664 ontio:
472 1642 569 1671 neque
597 1633 691 1662 verbe
718 1632 819 1661 sedem
848 1632 957 1661 habere
985 1634 1126 1668 pessunt,
1157 1631 1184 1660 si
1210 1639 1272 1659 rem
1301 1630 1507 1666 subtraxeris,
1536 1639 1630 1667 neque
1659 1639 1705 1660 res
1735 1631 1851 1666 lumen,
1879 1632 1905 1660 si
1924 1631 2017 1660 verbs
2044 1632 2213 1660 semoveris.
2255 1631 2381 1660 Tantum

331 1686 503 1725 significabo
525 1686 624 1722 brevi,
654 1692 751 1723 neque
770 1684 930 1713 verborum
950 1687 1089 1715 ornatum
1109 1683 1236 1713 inveniri
1256 1692 1342 1721 posse
1371 1692 1431 1713 nou
1460 1683 1552 1720 partis
1574 1683 1780 1721 expressisque
1801 1684 1971 1720 sententiis,
2002 1692 2096 1721 neque
2119 1692 2182 1713 esse
2205 1684 2294 1713 ullum
2316 1692 2380 1712 sen-

333 1740 457 1769 tentiam
478 1740 624 1768 illustrem
645 1739 708 1767 sine
730 1738 795 1766 luce
820 1738 989 1766 verborum.

280 1789 312 1827 ³)
333 1792 402 1822 Vid.
426 1790 488 1829 cio.
513 1792 548 1821 de
571 1796 645 1820 orat.
669 1791 689 1819 l.
712 1788 751 1818 11.
775 1798 799 1818 c.
824 1784 853 1818 ⁸2.
877 1789 896 1818 l.
921 1789 974 1818 111.
998 1798 1023 1818 c.
1051 1784 1096 1817 1⁰.

887 1948 994 1997 cAP.
1027 1947 1081 1996 11.
1145 1948 1205 1998 lle
1235 1963 1415 1997 nuere
1445 1948 1654 1999 oratorie.

1151 2044 1212 2074 Cie-
1235 2049 1309 2074 orat.
1334 2054 1359 2074 c.
1380 2040 1432 2073 55.
1474 2044 1509 2073 In
1534 2045 1629 2074 verbis
1655 2046 1729 2075 inest
1756 2046 1844 2085 quaes*
1868 2046 1991 2076 mmo-ia
2021 2044 2176 2084 quaedam,
2207 2045 2237 2073 in
2263 2054 2376 2074 numero

1149 2103 1243 2127 autem
1264 2098 1405 2135 apamio.

329 2169 518 2206 Numerus
545 2169 730 2205 oratorius
757 2175 836 2204 tum
862 2167 1047 2210 nascitur,
1077 2178 1189 2213 quum
1208 2168 1322 2204 verba
1348 2178 1416 2213 pro
1444 2167 1646 2203 sententiae
1673 2174 1806 2204 natura
1827 2175 1913 2215 apte
1933 2169 2050 2204 electa
2075 2168 2113 2203 in
2140 2167 2251 2202 talem
2279 2178 2377 2203 com-

166 2230 404 2279 ponuntur¹)
438 2230 637 2273 unitatem,
679 2229 784 2277 cujus
818 2229 1043 2276 principium
1075 2239 1118 2263 ac
1152 2229 1234 2263 finis
1270 2240 1345 2264 non
1380 2228 1500 2264 solum
1533 2228 1586 2263 rei
1622 2229 1886 2265 describendae
1921 2228 2101 2276 natm-8²)
2136 2227 2258 2275 posita
2291 2229 2374 2274 sint,

166 2305 295 2330 verum
323 2293 433 2329 etiam
461 2292 685 2339 syllabarum
713 2290 925 2338 pondere³)
952 2290 1216 2337 percipiantur.
1270 2289 1504 2338 Syllabarum
1540 2297 1661 2326 autem
1688 2292 1835 2338 pondus
1870 2292 2034 2338 ipsarum
2062 2290 2224 2326 cernitur
2250 2297 2375 2326 exten·

164 2356 268 2391 sione
296 2354 504 2402 (mensura)
531 2359 644 2399 atque
669 2353 790 2396 vocis,
818 2364 892 2398 qua
912 2352 1202 2398 pronuntiantur
1227 2351 1435 2387 intensione
1461 2351 1587 2398 (ictu);
1627 2364 1701 2398 qua
1726 2359 1884 2399 utraque
1904 2354 1941 2389 in
1961 2352 2084 2388 verbis
2108 2351 2373 2398 conjungendis

166 2429 234 2464 pro
262 2415 467 2453 sententiae
493 2422 627 2452 natura
652 2413 790 2462 passim
816 2413 983 2450 adhibite
1010 2424 1184 2448 numerus
1212 2418 1356 2450 constat
1382 2412 1578 2449 oratorius.

329 2477 421 2523 Ejus
448 2477 550 2512 modi
576 2477 775 2512 verborum
803 2476 1019 2522 complexus
1046 2474 1078 2509 si
1104 2474 1295 2517 duabus⁴)
1323 2475 1453 2509 saltem
1479 2475 1647 2520 partibus
1673 2475 1711 2510 in
1738 2487 1853 2511 unum
1880 2474 2086 2521 conjunctis
2114 2480 2269 2516 constat,
2298 2487 2373 2509 am-

164 2540 280 2583 bitus,
295 2539 330 2585 Ι’)
357 2549 488 2587 graece
514 2535 696 2588 περίοδος
719 2538 938 2584 appellatur.

282 2632 310 2668 ¹)
332 2633 392 2663 Cic.
418 2639 492 2663 orat.
515 2644 540 2663 c.
562 2630 613 2662 50.
657 2633 804 2661 Numerus
826 2633 901 2661 nihil
922 2632 1016 2660 affert
1030 2631 1126 2664 aliud,
1148 2632 1206 2660 nisi
1227 2635 1263 2660 ut
1282 2632 1322 2660 sit
1343 2635 1413 2668 apte
1434 2632 1532 2660 verbis
1554 2633 1766 2669 comprehensa
1785 2633 1942 2662 sententia.

276 2683 308 2721 ²)
329 2686 391 2716 Cic.
414 2691 490 2716 erat.
511 2696 536 2716 e.
558 2683 609 2715 50.
653 2686 689 2715 ld
704 2686 784 2715 enim
806 2689 982 2721 exspectant
1003 2692 1098 2719 sums,
1118 2689 1153 2713 ut
1172 2684 1271 2713 verbis
1292 2684 1471 2720 couigmtur
1491 2687 1662 2715 sententiae.
1698 2685 1759 2715 Cic.
1780 2687 1816 2715 de
1838 2690 1912 2715 orat.
1935 2685 1955 2713 1.
1974 2683 2027 2713 111.
2051 2693 2076 2713 c.
2098 2679 2148 2710 50.
2182 2682 2370 2713 Consuetudo

328 2740 414 2768 mode
434 2739 488 2768 illa
509 2739 550 2768 sit
571 2738 718 2767 scribendi
740 2745 776 2766 ae
797 2737 928 2771 dicendi,
950 2741 984 2765 ut
1005 2736 1169 2764 sententiae
1186 2736 1284 2764 verbis
1306 2736 1456 2764 finiantur.

275 2789 307 2825 ³)
329 2789 391 2820 cie.
413 2794 488 2820 orat.
509 2800 535 2820 e.
556 2786 607 2819 w.
650 2789 800 2826 Quidquid
821 2793 866 2818 est
894 2789 988 2823 enim,
1019 2789 1097 2825 quod
1118 2790 1173 2817 sub
1202 2789 1315 2818 surium
1338 2797 1506 2818 mensuram
1531 2790 1660 2826 :liquam
1688 2791 1783 2826 eadit,
1814 2790 1932 2819 etiamsi
1954 2790 2039 2818 abest
2065 2798 2084 2818 ι
2112 2797 2200 2818 versu
2228 2785 2312 2822 (nam
2339 2790 2370 2818 id

326 2843 445 2881 quidem
467 2842 608 2872 orationis
630 2846 676 2871 est
696 2838 819 2875 vitium)
838 2848 977 2870 numerus
1000 2844 1139 2876 vocatur,
1168 2840 1219 2877 qui
1239 2848 1344 2877 graece
1363 2835 1499 2877 ῥυθμός·
1517 2841 1632 2871 dieitur.
1676 2840 1738 2871 cie,
1760 2843 1797 2872 (ιο
1817 2846 1892 2872 ont.
1914 2842 1934 2871 1.
1957 2840 2010 2870 ΠΙ.
2033 2849 2059 2870 c.
2081 2835 2132 2869 ⁴8.
2175 2839 2368 2870 Numanum

326 2901 372 2926 est
392 2897 423 2925 id
444 2897 476 2925 in
497 2896 632 2925 omnibus
654 2896 733 2924 sonis
755 2899 844 2931 utque
866 2895 1006 2925 vocibus.
1036 2894 1114 2930 quod
1136 2894 1226 2923 habet
1246 2893 1450 2930 impressiones
1479 2898 1509 2922 et
1530 2896 1609 2931 quod
1636 2895 1734 2924 metiri
1753 2903 1910 2932 pessumus
1936 2893 2103 2924 intervallis
2123 2894 2306 2931 aequalibus.
2329 2910 2366 2916 --
