2545 3104
1258 131 1317 174 19

177 271 331 301 naturae
358 271 395 300 et
419 262 694 298 animadversio
722 262 1024 310 peperit-artem.
1074 263 1228 306 ‚Am
1240 262 1277 311 ⁸)
1303 262 1403 300 enim
1429 261 1528 311 (Cic.
1557 268 1650 298 orat.
1677 272 1710 297 c.
1728 259 1809 309 53),
1835 261 1896 297 vel
1923 261 2069 298 animus
2095 262 2240 298 aurium
2269 263 2402 300 nuntio

174 328 382 363 naturalem
408 324 596 371 quandam
622 325 662 360 in
689 337 729 360 se
756 326 923 361 continet
948 336 1083 360 vocum
1112 326 1277 361 omnium
1304 325 1545 360 mensionem.
1585 325 1718 369 Itaque
1745 329 1782 358 et
1807 323 1983 370 longiora
2008 330 2045 358 et
2066 325 2239 359 breviora
2252 325 2397 370 judicat

174 395 210 425 et
234 387 400 437 perlecta
424 397 469 422 ac
495 386 689 434 querata
713 398 860 434 semper
886 391 1089 435 exspectat.
1141 386 1278 423 Mutila
1311 386 1424 423 sentit
1457 386 1642 433 quaedam
1675 391 1712 421 et
1748 386 1856 432 quasi
1881 386 2094 430 decurtata;
2127 387 2284 433 quibus,
2316 394 2398 424 tan·

173 462 285 497 quam
308 449 437 484 debito
463 448 674 492 fraudetur,
709 448 927 484 offenditur:
964 449 1208 495 productiora
1233 449 1308 483 alia
1341 455 1378 483 et
1404 449 1512 494 quasi
1537 447 1820 483 immoderatius
1855 448 2109 492 excurrentia,
2146 459 2243 495 quae
2278 450 2397 497 magis

172 511 283 549 etiam
312 513 560 557 aspernantur
586 520 712 554 aures3
748 509 850 557 quod
877 522 993 557 quum
1026 510 1065 546 in
1098 507 1306 557 plerisque,
1339 515 1419 546 tum
1446 511 1484 547 in
1518 510 1589 546 hoc
1622 521 1776 556 genere,
1810 509 1964 545 nimium
1998 510 2102 557 quod
2134 515 2208 555 est,
2243 510 2397 547 offendit

172 572 443 616 vehementius,
470 583 582 617 quam
608 572 666 616 id,
694 573 795 618 quod
820 573 971 608 videtur
995 576 1164 619 parum.“

334 633 589 670 Romanorum
618 633 728 669 etiam
755 645 864 669 aures
891 645 1022 669 revera
1053 640 1129 669 tam
1156 634 1352 669 sensibiles
1378 633 1494 668 fuisse
1519 634 1682 669 clamore
1708 633 1921 680 plausuque
1946 634 2204 678 confirmatur,
2239 645 2350 680 quem
2375 647 2397 669 a

173 696 355 734 concione
382 693 571 730 sublatum
600 692 733 731 Cicero
760 700 920 731 testatur
944 695 977 731 si
1004 694 1095 742 quid
1121 707 1320 732 numerose
1346 702 1444 731 esset
1466 695 1616 731 dictum.
1629 694 1666 743 ⁸)
1716 693 1814 737 „Sed
1841 701 1883 730 ut
1910 695 2042 730 ceteris
2068 695 2106 731 in
2132 697 2244 732 rebus
2270 708 2398 732 neces-

171 758 290 794 sitatis
317 756 470 791 inventa
482 755 518 803 ⁷)
545 755 643 804 (cie.
664 763 757 793 orat.
785 769 817 792 c.
835 754 906 805 55)
931 757 1145 804 antiquiora
1171 763 1259 793 sunt
1283 769 1394 804 quam
1420 757 1641 803 voluptatist
1668 757 1722 792 ita
1749 762 1785 791 et
1811 756 1849 791 in
1877 756 1947 791 hac
1974 768 2014 792 re
2040 756 2176 792 accidit
2200 763 2241 793 ut
2267 757 2397 793 multis

171 819 328 856 saeculis
356 823 442 854 ante
478 818 613 867 oratio,
636 819 737 854 nuda
768 830 812 854 ac
838 818 961 864 rudis,
995 820 1043 855 ad
1076 821 1179 855 solos
1213 819 1423 855 animorum
1459 830 1590 855 sensus
1624 809 1906 866 exprimendos,
1939 818 2051 853 suerit
2085 825 2246 865 reperta,
2282 831 2395 866 quam

171 881 265 918 ratio
292 891 554 925 numerorum,
583 891 696 916 causa
722 881 981 917 delectationis
1006 882 1152 917 aurium
1181 882 1427 929 excogitata.“

332 943 387 978 At
412 953 568 978 numero
595 942 634 978 in
661 943 843 979 orationis
868 950 1012 990 partem
1034 950 1169 980 vocato
1188 945 1355 979 rhetores
1378 950 1492 990 atque
1517 949 1684 979 oratores
1710 943 1914 979 sententias
1940 943 2064 979 verbis
2091 943 2396 979 artificiosissime

171 1003 367 1050 complecti
394 1008 507 1050 atque
535 1015 664 1039 omnes
690 1004 785 1049 fere,
813 1003 949 1050 quibus
975 1010 1086 1040 antea
1111 1005 1183 1040 soli
1208 1011 1343 1051 poet-ae
1368 1005 1427 1040 usi
1454 1011 1575 1050 erant,
1609 1006 1742 1051 pedes,
1768 1011 1917 1052 praeter
1943 1016 2096 1048 sonum,
2123 1005 2162 1040 in
2188 1006 2394 1041 orationem

172 1064 425 1102 exornandam
439 1063 476 1113 ⁸)
503 1065 685 1101 asciscere
711 1065 892 1102 videmus.
947 1065 1143 1114 „Namque
1166 1064 1260 1103 haec
1286 1067 1361 1106 duo
1389 1066 1485 1115 (Cic.
1514 1067 1559 1103 de
1587 1073 1680 1103 orat.
1710 1067 1734 1103 l.
1761 1067 1833 1103 ΙΙΙ.
1861 1079 1891 1103 c.
1919 1065 1986 1114 44)
2013 1073 2163 1114 poetae,
2198 1067 2263 1114 qui
2290 1075 2392 1104 erant

172 1128 359 1176 quondam
386 1127 498 1164 iidem
523 1127 676 1173 musici,
703 1126 906 1165 machinati
931 1129 979 1164 ad
1004 1129 1235 1176 voluptatem
1257 1136 1361 1174 sunt,
1388 1141 1536 1165 versum
1564 1134 1677 1175 atque
1704 1135 1869 1173 cantum,
1897 1134 1937 1164 ut
1957 1135 1994 1164 et
2013 1129 2212 1164 verborum
2239 1142 2394 1165 numero

170 1198 205 1227 et
228 1202 362 1226 vocum
389 1191 502 1226 modo
528 1190 722 1226 vincerent
747 1190 893 1226 aurium
922 1191 1141 1227 satietatem.
1181 1192 1286 1227 Haec
1313 1192 1428 1238 igitur
1455 1191 1549 1235 duo,
1575 1191 1679 1226 vocis
1706 1190 1788 1225 dico
1811 1190 2107 1226 moderationem
2134 1197 2170 1225 et
2195 1192 2394 1226 verborum

169 1252 465 1297 conclusionem,
502 1253 627 1298 quoad
651 1253 831 1288 orationis
858 1253 1037 1296 severitas
1073 1254 1151 1299 pati
1185 1254 1325 1299 possit,
1362 1266 1385 1289 a
1409 1254 1559 1299 poetica
1585 1254 1633 1287 ad
1661 1253 1911 1298 eloquentiam
1938 1253 2170 1288 traducenda
2196 1254 2394 1288 duxerunt.

168 1314 212 1348 In
240 1325 314 1359 quo
342 1313 436 1349 illud
463 1319 520 1349 est
545 1314 606 1348 vel
632 1314 854 1358 maximum,
890 1314 992 1361 quod
1018 1325 1148 1350 versus
1176 1314 1213 1350 in
1242 1314 1429 1359 oratione,
1464 1314 1496 1350 si
1526 1313 1685 1350 efficitur
1718 1314 1979 1360 conjunctione
2011 1314 2230 1358 verborum,
2262 1315 2393 1350 vitium

168 1382 240 1416 est3
268 1381 304 1420 et
331 1381 452 1410 tamen
481 1387 562 1410 eam
591 1375 903 1420 conjunctionem,
931 1376 1042 1410 sicuti
1060 1388 1220 1419 versum,
1249 1387 1447 1411 numerose
1475 1375 1608 1410 cadere
1636 1382 1672 1410 et
1694 1376 1870 1421 quadrari
1897 1381 1933 1411 et
1955 1375 2085 1422 perfici
2103 1375 2301 1411 volumus“
2325 1383 2393 1411 etc.

281 1468 309 1505 ¹)
332 1469 395 1500 Cic.
418 1475 493 1500 orat.
516 1480 541 1500 c.
560 1466 611 1499 60.
655 1470 687 1500 Si
708 1473 787 1500 unde
809 1476 893 1501 ortus
914 1473 953 1501 sit
973 1468 1030 1506 (sc.
1052 1480 1191 1501 numerus
1212 1468 1397 1509 quaeritur):
1418 1480 1458 1500 ex
1481 1472 1596 1500 aurium
1617 1472 1783 1509 voluptate.

278 1520 309 1559 ²)
332 1522 394 1553 Cic.
417 1528 491 1553 orat.
521 1534 547 1553 c.
569 1519 620 1552 53.
663 1524 747 1559 Quae
769 1522 826 1559 (sc.
849 1522 954 1560 causa)
975 1525 1018 1554 sic
1040 1530 1144 1562 aperta
1165 1529 1227 1562 est,
1258 1529 1293 1555 ut
1314 1525 1417 1561 mirer,
1447 1529 1564 1554 veteres
1585 1534 1645 1554 non
1668 1533 1733 1554 esse
1755 1530 1933 1561 commotos,
1963 1525 2139 1562 praesertim
2160 1535 2268 1563 quum,
2296 1531 2329 1555 ut
2350 1526 2392 1560 fit,

330 1577 453 1606 fortuito
474 1586 563 1614 saepe
587 1578 699 1614 aliquid
721 1579 857 1606 concluse
879 1582 1007 1615 apteque
1028 1579 1177 1613 dicerent;
1201 1579 1281 1615 quod
1302 1586 1393 1615 quum
1415 1578 1529 1606 animos
1551 1578 1703 1606 hominum
1726 1586 1868 1615 amesque
1887 1578 2060 1615 pepulisset,
2081 1582 2116 1607 ut
2137 1578 2266 1615 intelligi
2284 1583 2391 1615 posset,

329 1631 374 1667 id,
398 1631 477 1668 quod
498 1639 585 1660 casus
608 1630 776 1667 effudisset,
799 1631 940 1660 cecidisse
958 1631 1105 1668 jucunde:
1127 1632 1291 1661 notandum
1313 1635 1392 1660 certe
1415 1640 1526 1668 genus,
1549 1636 1639 1668 atque
1660 1632 1718 1668 ipsi
1740 1631 1796 1659 sibi
1817 1632 1954 1659 imitandi
1975 1630 2105 1660 fuerunt.

409 1683 538 1721 Dionys.
569 1693 595 1712 c.
617 1683 671 1711 xl.
702 1692 732 1721 p.
754 1679 805 1712 55.
849 1679 902 1714 τίς
928 1678 996 1720 γάρ
1029 1679 1136 1717 ἐστιν,
1168 1678 1209 1714 ὅς
1237 1678 1302 1722 οὐχ
1332 1678 1394 1710 ὑπὸ
1424 1678 1486 1717 μὲν
1517 1678 1641 1722 ταύτης
1670 1681 1731 1721 τῆς
1760 1677 1927 1722 μελῳδίας
1956 1676 2074 1720 ἄγεται
2105 1678 2156 1709 καὶ
2186 1678 2391 1721 γοητεύεται,

272 1726 276 1729 ’
329 1731 508 1774 ὑφ’ἐτέρας
533 1730 572 1763 δι’
603 1742 695 1768 τινος
719 1731 819 1764 οὐδὲν
850 1732 970 1775 πάσχει
998 1734 1164 1772 rameii-0⁹3
1195 1731 1246 1764 καὶ
1278 1732 1340 1764 ὑπὸ
1368 1731 1430 1771 μὲν
1460 1732 1587 1764 τούτων
1619 1734 1684 1764 τῶν
1710 1732 1852 1774 ῥυθμῶν
1880 1732 2076 1771 οἰκειοῦται,
2110 1732 2170 1763 ὑπὸ
2200 1731 2238 1762 δὲ
2267 1732 2392 1762 τούτων

330 1784 524 1827 διοχλεῖται.
780 1798 798 1809 0

410 1840 536 1875 Quintil.
558 1841 579 1869 l.
595 1840 650 1870 11.
672 1850 699 1870 c.
718 1838 747 1869 ⁴.
771 1836 837 1869 116.
881 1841 961 1879 Ergo
984 1850 1073 1879 quem
1094 1842 1126 1871 in
1149 1844 1285 1878 poemate
1307 1842 1404 1871 locum
1425 1841 1517 1871 habet
1537 1841 1735 1877 versificatio,
1756 1850 1823 1871 eum
1842 1841 1873 1870 in
1894 1841 2029 1870 oratione
2051 1841 2233 1878 compositio.
2272 1840 2392 1878 Optime

330 1898 429 1924 sutem
451 1895 487 1923 de
508 1894 561 1923 illa
578 1895 718 1931 judicant
737 1903 841 1929 aures,
864 1903 941 1931 quae
962 1895 1052 1931 plena
1073 1896 1220 1930 sentiunt,
1250 1899 1282 1923 et
1303 1903 1409 1931 parum
1429 1895 1552 1931 expleta
1573 1895 1759 1930 desiderant,
1788 1898 1819 1923 et
1839 1894 1966 1930 hagonis
1989 1893 2193 1928 offenduntur,
2224 1898 2255 1922 et
2275 1894 2392 1922 levibus

329 1947 497 1977 mulcentur
518 1968 625 1977 ......
668 1947 798 1985 Ideoque
820 1947 899 1977 docti
921 1947 1066 1977 rationem
1086 1948 1281 1985 componendi
1302 1947 1478 1984 intelligunt
1490 1969 1497 1983 ,
1522 1948 1612 1976 etiam
1633 1948 1745 1977 indocti
1766 1948 1963 1984 voluptatem.

273 1997 304 2033 ⁸)
327 1999 390 2028 Cic.
413 2003 489 2028 orat.
518 2009 543 2028 c.
565 1996 616 2028 50.
658 1999 718 2028 Hic
745 2000 825 2028 enim
846 2000 1011 2028 Invidiosus
1040 2008 1180 2028 numerus
1211 1999 1286 2027 nihil
1317 1999 1405 2029 affert
1433 2000 1529 2034 aliud,
1558 2000 1615 2028 nisi
1637 2004 1671 2028 ut
1700 2000 1740 2028 sit
1771 2002 1841 2036 apte
1872 1998 1973 2028 verbis
1996 1998 2204 2035 comprehensa
2225 1999 2391 2028 sententia:

328 2053 408 2090 quod
428 2053 464 2081 fit
485 2053 576 2081 etiam
596 2054 635 2082 ab
657 2052 804 2089 antiquis,
835 2054 886 2081 sed
907 2052 1083 2089 plerumque
1104 2062 1191 2088 casu,
1218 2061 1308 2089 saepe
1328 2057 1454 2081 natura:
1487 2058 1518 2080 et
1539 2061 1614 2089 quae
1643 2053 1735 2081 valde
1764 2052 1925 2081 laudantur
1946 2053 2024 2088 apud
2045 2052 2126 2085 illos⁷
2156 2059 2192 2079 sa
2213 2050 2293 2086 fere,
2323 2053 2393 2088 quia

329 2110 400 2135 sunt
420 2106 575 2142 conclusa,
597 2105 767 2135 laudantur.

277 2155 307 2194 ⁸)
330 2158 394 2188 Cic.
414 2163 491 2188 orat.
512 2169 538 2188 c.
561 2155 611 2188 55.
654 2159 728 2188 Esse
751 2168 822 2195 ergo
844 2160 875 2187 in
897 2159 1029 2188 oratime
1051 2167 1205 2187 numerum
1226 2159 1375 2195 quendam
1396 2168 1457 2188 non
1478 2162 1524 2187 est
1545 2158 1665 2187 difficile
1688 2167 1874 2195 cog-noscere.
1910 2158 2025 2186 Iudicat
2042 2157 2120 2185 euim
2138 2165 2259 2192 κως
2281 2158 2313 2186 in
2335 2167 2393 2195 quo

328 2212 463 2249 iniquum
485 2216 547 2247 est,
568 2213 647 2249 quod
668 2212 791 2246 accidit,
813 2220 874 2240 non
896 2220 1072 2248 agnoscere,
1095 2211 1120 2239 si
1142 2220 1193 2240 cur
1215 2212 1247 2240 id
1267 2212 1400 2247 accidat,
1432 2212 1559 2248 reperire
1582 2220 1774 2248 nequeamus.
1817 2212 1919 2248 Neque
1941 2210 2018 2239 enim
2048 2210 2111 2247 ipse
2143 2218 2250 2238 versus
2276 2212 2393 2240 ratione

329 2268 376 2294 est
398 2265 550 2302 cognitus,
573 2265 626 2294 sed
647 2268 757 2294 natura
777 2268 867 2302 atque
891 2273 996 2300 sensu,
1019 2272 1107 2301 quem
1129 2264 1262 2294 dimensa
1282 2266 1359 2295 ratio
1381 2266 1497 2301 docuit,
1520 2266 1590 2302 quid
1614 2266 1763 2294 acciderit.

274 2315 305 2351 ⁵)
328 2316 391 2347 Cic.
413 2318 499 2346 Brut.
531 2328 555 2346 c.
579 2313 609 2346 8.
652 2318 731 2346 Nam
758 2323 788 2346 et
811 2327 897 2346 sures
919 2318 1019 2353 ipsae,
1049 2318 1120 2352 quid
1141 2318 1280 2353 plenum,
1308 2319 1380 2353 quid
1408 2319 1494 2346 inane
1525 2319 1565 2346 sit
1589 2319 1727 2354 judicant
1755 2321 1785 2344 et
1812 2317 1932 2352 spiritu,
1966 2316 2052 2352 quasi
2080 2316 2260 2344 necessitate
2283 2317 2392 2353 aliqua,

327 2370 486 2399 verborum
507 2370 729 2407 comprehensio
750 2370 942 2405 terminatur-3
964 2369 995 2398 in
1016 2379 1075 2406 quo
1098 2379 1159 2398 non
1179 2370 1266 2398 modo
1288 2370 1389 2405 defici,
1412 2371 1464 2398 sed
1486 2371 1575 2398 etiam
1598 2370 1730 2398 laborare
1752 2374 1837 2405 turpe
1859 2373 1914 2396 est.

273 2418 305 2456 ⁶)
326 2422 396 2451 vid.
419 2422 509 2459 hujus
531 2423 648 2451 dissert.
671 2421 735 2451 Cic.
758 2433 783 2451 c.
806 2422 860 2451 111.
882 2431 911 2451 n.
933 2418 985 2451 27.
1028 2420 1092 2451 oie.
1114 2426 1189 2451 orat.
1212 2431 1237 2450 c.
1259 2418 1311 2450 50.
1354 2421 1441 2451 neae
1463 2423 1581 2458 quidem
1603 2419 1658 2455 (sc.
1677 2417 1776 2454 aures)
1798 2424 1829 2448 et
1849 2419 1982 2456 perfecto
2005 2420 2212 2457 completoque
2234 2421 2391 2450 verborum

328 2475 443 2504 ambitu
463 2476 597 2511 gaudent
617 2480 651 2504 et
670 2480 758 2504 curta
777 2475 927 2509 sentiunt,
959 2484 1013 2503 nec
1036 2479 1138 2504 amant
1159 2475 1367 2503 redundantia.
1410 2474 1487 2507 Quid
1510 2475 1574 2502 dico
1595 2472 1697 2501 meas?
1718 2474 1874 2501 conciones
1898 2481 1988 2509 saepe
2011 2473 2181 2501 exclamare
2202 2474 2279 2508 vidi,
2301 2483 2392 2510 quum

328 2531 399 2564 apta
418 2527 513 2557 verba
534 2528 722 2557 cecidissent.

274 2576 306 2614 ⁷)
327 2579 390 2610 cic.
412 2585 488 2610 ont.
516 2590 543 2610 c.
564 2578 616 2609 53.
659 2581 703 2610 Ut
724 2582 815 2618 igitur
834 2582 866 2610 in
887 2581 1007 2617 poetica
1034 2589 1139 2610 versus
1169 2581 1310 2609 inventus
1341 2584 1387 2608 est
1417 2578 1624 2607 terminatione
1656 2578 1789 2612 aurium,
1818 2578 2029 2607 observatione
2057 2579 2262 2616 prudentium:
2291 2580 2334 2608 sic
2359 2581 2390 2608 in

328 2633 461 2662 oratione
490 2633 731 2663 animadversum
760 2637 825 2669 est,
856 2633 952 2662 multo
974 2633 1049 2662 illud
1078 2632 1197 2670 quidem
1224 2632 1333 2667 serius,
1364 2631 1415 2659 sed
1437 2631 1539 2658 eadem
1561 2633 1668 2658 natura
1690 2630 1889 2667 admonente,
1920 2640 1986 2660 esse
2009 2632 2151 2668 quosdam
2173 2636 2269 2660 certos
2288 2640 2389 2661 cursus

327 2685 590 2722 conclusionesque
611 2686 779 2715 verborum.

274 2731 306 2768 “’)
326 2734 390 2764 cio.
412 2740 489 2765 orat.
518 2745 544 2765 c.
566 2733 618 2766 52.
661 2736 760 2771 Quum
788 2738 866 2767 enim
888 2737 1004 2766 videret
1032 2733 1088 2771 (sc.
1110 2732 1270 2771 Isocrates)
1301 2739 1429 2765 oratores
1460 2742 1527 2764 cum
1557 2734 1717 2764 severitate
1740 2735 1853 2772 audiri,
1882 2740 1985 2775 poetas
2008 2740 2106 2765 autem
2128 2745 2194 2765 cum
2216 2735 2388 2773 voluptate:

325 2793 389 2817 tum
410 2790 520 2818 dieitur
539 2799 677 2820 umeros
700 2795 836 2825 secutus,
870 2790 977 2827 quibus
1007 2790 1096 2818 etiam
1125 2790 1156 2817 in
1187 2789 1319 2818 oratione
1347 2792 1512 2822 uteremur,
1543 2793 1608 2816 tum
1625 2788 1825 2824 jucunditatis
1850 2798 1959 2823 causa,
1987 2794 2049 2817 tum
2071 2794 2106 2817 ut
2127 2790 2256 2817 varietas
2287 2797 2389 2816 occur-

327 2843 405 2871 reret
425 2841 568 2871 satietati.
