2545 3104
1244 121 1302 165 21

161 254 444 292 sententiarum:
472 265 693 300 semperque
717 255 756 290 in
784 255 885 290 omni
911 261 1019 302 parte
1041 256 1233 301 emtionis,
1260 263 1303 291 ut
1323 257 1434 300 vitae,
1462 257 1553 303 quid
1581 257 1708 292 deceet
1735 262 1792 292 est
1818 257 2147 294 considerandum:
2161 258 2197 306 ⁸)
2223 260 2327 306 quod
2346 266 2379 294 et

161 317 199 351 in
237 331 293 360 re,
328 319 374 353 de
407 328 483 361 qua
515 316 657 362 egitur,
691 317 855 361 positum
893 322 968 362 est,
1003 323 1039 352 et
1076 317 1115 352 in
1149 318 1320 363 personis
1356 324 1392 353 et
1427 330 1574 361 eorum,
1610 318 1675 363 qui
1701 318 1830 354 dicunt
1855 323 1892 354 et
1918 331 2067 361 eorum,
2096 319 2161 365 qui
2187 320 2378 355 audiunt:-

161 379 335 415 Forsitan
369 379 408 414 in
436 377 605 413 oratione
633 376 807 423 judiciali
840 390 883 414 ac
918 377 1060 414 forensi
1085 390 1280 414 numerum
1317 390 1398 415 esse
1426 379 1672 415 omittendum
1707 379 1843 426 aliquis
1876 380 2021 424 credat,
2057 391 2171 426 quum
2199 380 2308 416 nimis
2336 393 2380 417 eo

161 439 379 476 insidiarum
404 438 453 473 ad
481 438 680 491 capiendas
707 450 816 474 aures
843 439 1087 475 adhibeatur?
1141 438 1207 481 „Si
1233 440 1407 476 inanibus
1434 441 1556 476 verbis
1584 439 1681 487 (Cic.
1710 447 1803 475 orat.
1831 452 1861 476 c.
1887 440 1955 489 50)
1988 441 2209 488 levibusque
2235 448 2380 477 senten-

165 503 245 539 tiis:
267 504 363 549 jure.
416 500 483 537 Sin
510 502 651 546 probae
676 514 755 546 res,
781 502 879 537 lecta
904 503 1039 539 verba:
1067 503 1157 549 quid
1185 509 1258 547 est,
1295 515 1363 538 cur
1389 504 1562 539 claudere
1589 510 1627 539 et
1652 503 1824 539 insistere
1849 503 2055 539 orationem
2081 504 2231 549 malint,
2267 517 2376 551 quam

162 576 245 601 cum
272 562 457 601 sententia
481 562 622 609 pariter
648 563 899 600 excurrere?“

322 634 494 671 Periodis
534 635 696 670 maxime
734 636 773 671 in
809 648 870 679 eo,
913 636 1016 682 quod
1050 633 1292 672 ἐπιδεικτικόν
1304 636 1340 684 ⁹)
1382 637 1518 671 dicitur
1551 643 1586 671 et
1620 637 1659 672 in
1692 636 1850 671 historia
1883 638 2167 680 utendum-esu
2207 638 2245 672 in
2279 639 2378 673 veris

159 699 282 734 causis
300 696 360 744 ²⁰)
393 702 517 732 autem
553 703 589 732 et
622 697 834 739 forensibus
868 699 1035 733 membra
1065 698 1214 745 saepius
1247 704 1360 745 atque
1392 698 1512 733 incisa
1541 704 1626 733 sunt
1659 698 1888 742 adhibenda,
1922 698 2035 734 immo
2069 711 2158 734 vero
2193 698 2377 745 ejusmodi

162 758 341 795 orationis
368 769 513 793 summa
546 758 627 793 laus
654 760 923 795 sententiarum
958 765 995 795 et
1028 759 1213 795 brevitate
1245 764 1284 794 et
1315 760 1486 795 acumine
1521 760 1742 795 continetur.
1796 758 1871 795 Sed
1896 759 1934 794 in
1967 760 2024 794 his
2058 771 2225 806 quoque,
2261 767 2304 796 ut
2337 761 2375 796 in

160 822 336 867 pedibus,
369 821 530 855 varietas
558 828 614 856 est
640 823 778 867 ubique
805 823 1036 867 quaerenda,
1073 835 1119 856 ne
1145 834 1255 856 aures
1282 823 1410 856 eadem
1436 834 1557 867 usque
1583 823 1755 857 dictionis
1782 822 1905 857 forme.
1929 822 2088 867 repetite.
2115 822 2375 869 defatigemur,

158 882 351 920 satientur.

323 952 427 991 Sono
457 965 688 999 numeroque
714 954 767 988 ita
793 954 980 998 adhibito,
1015 955 1222 989 sententiae
1249 955 1451 990 dummodo
1478 954 1602 989 verbis
1636 960 1722 1001 apte
1753 955 1828 1005 sint
1853 966 2071 1000 expressae,
2104 955 2223 990 oratio
2249 957 2290 990 fit
2315 968 2374 991 or-

161 1023 267 1059 nata,
302 1027 394 1061 qua,
427 1021 470 1050 ut
495 1016 787 1051 Demosthenem
812 1016 975 1052 maxime
1009 1017 1110 1063 apud
1136 1017 1321 1060 Graecos,
1355 1017 1409 1052 sic
1435 1015 1656 1052 Ciceronem
1690 1016 1970 1052 celeberrimum
2002 1017 2256 1053 Romanorum
2291 1030 2374 1053 ore-

160 1084 279 1114 torem
314 1089 459 1114 summa
492 1089 576 1113 cum
611 1077 650 1113 vi
678 1078 916 1125 maximoque
951 1090 1034 1114 cum
1070 1078 1194 1114 fructu
1226 1090 1333 1114 usum
1367 1078 1548 1114 videmus.
1599 1077 1685 1114 Hoc
1716 1077 1756 1114 in
1788 1083 1949 1125 utroque
1979 1084 2128 1114 oratore
2161 1078 2373 1126 eloquentie

160 1151 347 1175 summum
375 1145 431 1175 est
455 1139 645 1186 fastigium
672 1140 808 1186 adepte
832 1152 901 1175 nec
927 1147 1061 1187 postea
1086 1141 1221 1175 iterum
1246 1141 1330 1187 pari
1354 1140 1467 1175 modo
1493 1140 1623 1187 viguit.

272 1264 299 1303 ¹)
320 1267 389 1297 Vid.
411 1267 501 1305 hujus
523 1267 641 1297 dissert.
685 1266 747 1297 Cic.
769 1277 794 1297 c.
816 1267 841 1297 1.
864 1272 927 1297 not.
952 1264 978 1296 l.
1000 1264 1031 1296 2.

266 1326 297 1364 ²)
320 1328 384 1359 Cic.
406 1333 481 1359 oret.
512 1338 538 1359 c.
559 1325 611 1359 30.
654 1329 684 1358 Is
707 1331 763 1359 erit
794 1330 888 1367 igitur
916 1329 1073 1367 eloquens,
1097 1350 1183 1360 .....
1213 1329 1265 1366 qui
1291 1329 1402 1366 poterit
1430 1337 1524 1365 parva
1552 1330 1727 1366 summisse,
1754 1330 1869 1360 modica
1896 1335 2079 1368 temperate,
2106 1339 2215 1368 magna
2238 1332 2371 1368 graviter

323 1383 429 1411 dicere.
473 1392 498 1411 c.
520 1378 572 1411 36.
609 1383 639 1411 Is
670 1384 728 1411 erit
755 1384 847 1419 igitur
875 1383 1034 1420 eloquens,
1064 1384 1115 1419 qui
1143 1384 1183 1411 ad
1213 1384 1258 1418 id,
1289 1384 1483 1419 quodcunque
1513 1383 1647 1418 decebit,
1681 1384 1792 1420 poterit
1818 1387 2039 1414 accommodare
2069 1386 2239 1414 orationem.
2282 1383 2369 1417 Quod

320 1443 411 1472 quum
433 1433 581 1471 statuerit,
604 1437 677 1470 mm,
707 1438 741 1463 ut
763 1434 908 1472 quidquid
927 1434 985 1463 erit
1007 1429 1172 1472 dicendum,
1194 1435 1237 1464 its
1259 1435 1352 1471 dicet,
1374 1443 1429 1464 uec
1450 1439 1553 1464 satura
1569 1428 1691 1473 jejtme,
1714 1443 1769 1463 nec
1790 1436 1915 1472 grandis
1934 1436 2065 1473 minute,
2088 1445 2142 1465 nec
2162 1436 2233 1464 item
2254 1439 2369 1470 contra,

321 1489 373 1514 sed
394 1488 451 1514 erit
471 1488 558 1514 rebus
579 1487 652 1523 ipsis
674 1496 728 1523 par
749 1492 780 1514 et
800 1488 935 1523 aequalis
957 1489 1052 1515 oratio
1054 1508 1139 1515 .....
1183 1488 1278 1522 Dein,
1298 1488 1324 1515 si
1345 1492 1450 1515 tenues
1474 1496 1598 1522 causae,
1630 1492 1694 1515 tum
1714 1489 1802 1515 etiarn
1824 1489 2053 1523 argumentandi
2074 1494 2160 1517 tenue
2180 1489 2262 1516 filum
2283 1494 2313 1516 et
2337 1488 2368 1515 in

318 1541 449 1570 docendo
472 1544 502 1569 et
522 1540 554 1569 in
583 1539 761 1576 refellend03
790 1540 880 1578 idque
900 1541 944 1569 ita
974 1541 1141 1577 tenebitur,
1170 1544 1205 1570 ut
1226 1545 1339 1579 quanta
1359 1542 1398 1570 sd
1424 1549 1501 1577 rem,
1532 1545 1619 1570 tauta
1648 1541 1688 1570 ad
1715 1542 1878 1570 orationem
1904 1541 1960 1571 fiat
1988 1542 2128 1571 accessio.
2171 1540 2268 1576 Quum
2296 1550 2367 1570 vero

319 1601 411 1622 causa
431 1600 467 1621 ca
487 1592 640 1628 inciderit,
668 1593 700 1621 in
721 1600 781 1629 qua
800 1593 848 1621 vis
871 1593 1059 1629 eloquentiae
1081 1593 1178 1629 possit
1199 1593 1351 1629 expromi:
1380 1596 1446 1621 tum
1464 1600 1495 1621 se
1516 1593 1606 1621 latius
1628 1593 1735 1621 fundet
1752 1596 1867 1628 orator,
1896 1597 1961 1622 tum
1981 1598 2065 1630 reget
2086 1598 2116 1623 et
2135 1594 2234 1622 flectet
2253 1594 2366 1622 animos

319 1650 351 1674 et
372 1646 415 1674 sic
437 1645 563 1681 efficiet,
585 1649 620 1674 ut
640 1646 735 1680 volet,
756 1646 787 1674 id
809 1649 872 1680 est,
893 1649 929 1674 ut
947 1654 1059 1675 caune
1081 1649 1189 1674 natura
1209 1650 1240 1674 et
1260 1646 1336 1674 ratio
1358 1646 1498 1682 temporis
1519 1646 1695 1681 postulabit.

266 1705 299 1744 ³)
322 1707 384 1738 Cic.
405 1712 481 1738 orat.
504 1717 531 1738 c.
556 1703 603 1737 19.
646 1707 751 1745 ltaque
775 1716 871 1737 sermo
892 1708 992 1746 potius
1014 1705 1071 1743 (sc.
1092 1708 1334 1746 philosophorum
1355 1705 1481 1743 locutio)
1501 1716 1592 1745 quam
1612 1708 1707 1738 oratio
1729 1708 1845 1738 dicitur.

263 1768 296 1806 ⁴)
318 1771 381 1801 cie.
403 1773 440 1800 de
461 1775 535 1800 orat.
564 1772 584 1799 1.
605 1771 646 1799 11.
673 1780 700 1799 c.
728 1768 774 1799 15.
817 1771 983 1800 Verborum
1005 1775 1106 1800 autem
1128 1772 1204 1800 ratio
1227 1775 1258 1800 et
1279 1779 1375 1807 genus
1396 1772 1539 1800 orationis
1567 1769 1624 1805 (sc.
1645 1772 1677 1800 in
1697 1769 1838 1805 historia)
1865 1771 1965 1800 sumn
1989 1777 2079 1809 atque
2109 1776 2219 1800 tram
2246 1777 2276 1800 et
2297 1780 2364 1799 cum

319 1825 445 1854 lenitate
466 1825 594 1861 quadam
616 1824 781 1860 profluens,
802 1825 866 1853 sine
888 1824 945 1853 bac
962 1824 1100 1861 judiciali
1121 1824 1283 1861 asperitate
1304 1827 1337 1852 et
1356 1824 1420 1852 sine
1441 1824 1657 1853 sententiarum
1677 1824 1789 1854 aculeis
1808 1826 2043 1861 persequendum
2064 1829 2119 1854 est.

266 1885 297 1923 ⁵)
320 1887 367 1917 Cf.
388 1887 513 1926 Dionys.
536 1896 561 1915 c.
582 1886 668 1915 xlx.
690 1896 721 1924 p.
744 1882 814 1915 133.
856 1878 920 1913 Kal
941 1880 1030 1913 ἔστιν
1052 1880 1141 1917 λέξις
1161 1880 1316 1923 κρατίστη
1340 1882 1470 1916 πασῶν.
1497 1880 1572 1923 ἥτις
1591 1879 1631 1912 ἂν
1654 1879 1726 1924 ἔχοι
1748 1879 1903 1917 πλείστας
1921 1879 2107 1916 ἀναπαύλας
2136 1890 2172 1912 τε
2193 1879 2244 1911 καὶ
2263 1890 2361 1919 μετα-

314 1936 422 1975 βολὰς
442 1936 622 1976 ἁρμονίας,
654 1936 731 1965 ὅταν
754 1934 844 1968 τουτὶ
865 1935 927 1972 μὲν
946 1936 980 1965 ἐν
1004 1934 1151 1976 περιόδῳ
1178 1933 1333 1975 λέγηται,
1363 1933 1454 1964 τουτὶ
1476 1933 1573 1969 δ’ἔξω
1596 1934 1753 1975 περιόδου
1874 1933 1944 1977 ἔχει
1966 1934 2005 1966 δέ
2027 1945 2096 1965 τινα
2111 1934 2212 1976 χάριν
2234 1934 2268 1964 ἐν
2291 1935 2365 1969 τοῖς

314 1987 480 2025 τοιούτοις
498 1986 550 2020 καὶ
572 1987 609 2020 τὸ
632 1987 721 2020 οὕτω
745 1987 968 2031 συγκείμενον,
992 1986 1079 2019 ὥστε
1101 1987 1146 2030 μὴ
1166 1985 1359 2028 συγκεῖσθαι
1382 1984 1500 2018 δοκεῖν.
1536 1999 1561 2020 c.
1580 1989 1679 2020 XXV.
1698 1999 1727 2029 p.
1750 1986 1817 2020 iffi.
1853 1985 1935 2028 ὅπερ
1958 1985 2016 2018 οὖν
2037 1984 2140 2029 ἔφην,
2161 1985 2201 2017 οὐ
2224 1984 2360 2017 δύναται

314 2041 394 2083 ψιλὴ
417 2041 511 2076 λέξις
529 2042 629 2078 ὁμοία
648 2041 806 2082 γενέσθαι
829 2041 868 2084 τῇ
892 2041 1046 2082 ἐμμέτρῳ
1069 2040 1120 2071 καὶ
1144 2040 1296 2078 ἐμμελεῖ,
1328 2040 1385 2070 ἐὰν
1405 2040 1452 2081 μὴ
1476 2040 1611 2081 περιέχῃ
1640 2040 1748 2080 μέτρα
1768 2038 1820 2070 καὶ
1838 2040 1995 2080 ῥυῦμούς
2015 2049 2104 2074 τινας
2124 2039 2360 2079 &fiammaq-

312 2094 437 2133 μένους
457 2092 600 2137 ἀδήλως.

263 2160 296 2198 ⁸)
317 2162 380 2192 Cic.
403 2166 478 2191 orat.
507 2171 533 2190 c.
554 2158 605 2190 58.
647 2162 728 2190 Nam
758 2162 809 2198 qui
838 2162 964 2192 audiunt
993 2161 1067 2189 haec
1096 2162 1154 2189 duo
1182 2161 1426 2190 animadvertunt
1453 2165 1485 2189 et
1509 2161 1645 2196 iucunda
1663 2160 1722 2189 sibi
1742 2163 1877 2194 censent,
1906 2159 1999 2187 verba
2025 2158 2091 2187 dico
2119 2162 2152 2187 et
2179 2160 2361 2188 sententias:

315 2224 408 2253 esque
430 2216 500 2247 dum
524 2215 630 2245 animis
653 2214 777 2244 attentis
800 2214 982 2244 admiratum
1001 2214 1172 2250 excipiunt,
1194 2213 1274 2249 fugit
1294 2221 1345 2242 eos
1368 2217 1399 2242 et
1419 2214 1622 2250 praetervolat
1641 2222 1795 2242 numerus:
1823 2213 1873 2249 qui
1894 2216 1995 2240 tamen
2016 2211 2043 2239 si
2063 2212 2197 2248 abesset,
2218 2212 2273 2241 illa
2294 2213 2361 2249 ipsa

314 2269 412 2297 minus
432 2268 629 2297 delectarent.

260 2329 292 2366 ⁷)
313 2331 382 2361 vid.
404 2330 529 2365 Quintil.
551 2332 572 2359 1.
595 2329 649 2359 IX.
671 2340 697 2360 c.
717 2325 748 2359 4.
775 2325 841 2358 128.
866 2325 927 2358 129
946 2333 1004 2359 etc.

186 2415 193 2421 .
255 2390 289 2427 ⁸)
311 2393 437 2431 Dionys.
460 2402 488 2432 c.
506 2391 576 2421 XX.
596 2401 627 2429 p.
653 2388 721 2420 135.
768 2385 1048 2427 Όμολογουμὲνου
1071 2385 1111 2428 δὴ
1137 2385 1223 2427 παρὰ
1246 2368 1360 2429 itanu,
1390 2387 1440 2418 ὅτι
1462 2388 1584 2428 πρέπον
1604 2386 1672 2418 ἐστὶ
1694 2386 1731 2416 τὸ
1753 2386 1825 2421 τοῖς
1847 2385 2076 2423 ὑποκειμένοις
2095 2385 2241 2426 ἁρμόζον
2260 2396 2355 2422 προς·

314 2440 419 2477 ὠποις
438 2451 476 2472 τε
496 2439 548 2471 καὶ
570 2439 756 2481 πράγμασιν
778 2449 806 2470 κ.
829 2449 857 2470 τ.
880 2438 910 2470 λ.
1276 2456 1284 2474 ,

259 2505 292 2543 ⁹)
314 2507 377 2537 Cic.
399 2513 473 2537 orat.
502 2517 527 2537 c.
550 2503 601 2537 62.
643 2507 722 2544 Ergo
744 2508 775 2535 in
797 2506 879 2541 eliis,
909 2506 940 2535 id
961 2510 1007 2535 est
1026 2506 1059 2535 in
1080 2505 1204 2535 historie
1225 2510 1256 2535 et
1277 2506 1308 2535 in
1330 2516 1381 2544 eo,
1410 2508 1489 2544 quod
1509 2506 1692 2543 appellamus
1715 2498 1945 2541 ἐπιδεικτικόν,
1972 2505 2073 2542 placet
2093 2505 2192 2535 omnia
2213 2505 2271 2534 dici
2291 2504 2355 2534 1³0-

312 2565 411 2589 crateo
432 2561 697 2597 Theopompeoque
724 2568 821 2594 more,
850 2560 904 2587 illa
931 2559 1202 2595 circumscriptione
1229 2560 1418 2596 ambituque,
1451 2563 1486 2587 ut
1513 2563 1655 2594 tanquam
1685 2558 1717 2587 in
1745 2559 1815 2586 orbe
1844 2558 1961 2587 inclusa
1989 2562 2089 2586 currat
2117 2558 2229 2592 oratio,
2256 2558 2353 2593 quoad

311 2613 432 2642 insistat
451 2613 483 2642 in
504 2613 628 2650 singulis
649 2611 789 2649 perfectis
809 2611 1016 2648 absolutisque
1037 2610 1203 2640 sententiis.
1245 2611 1351 2648 Itaque
1372 2615 1528 2648 postquam
1548 2615 1595 2639 est
1614 2614 1687 2639 nata
1708 2611 1781 2640 haec
1802 2611 1853 2639 vel
1874 2610 2121 2647 circumscriptio,
2150 2610 2199 2638 vel
2221 2618 2352 2646 eompre-

311 2666 423 2701 hensio,
444 2666 494 2694 vel
515 2666 708 2701 continuatio,
729 2665 779 2694 vel
800 2664 939 2699 ambitus,
960 2664 986 2692 si
1006 2664 1049 2693 ite
1069 2664 1141 2693 licet
1159 2663 1274 2693 dicere:
1296 2673 1390 2699 nemo,
1410 2663 1461 2700 qui
1481 2663 1581 2699 aliquo
1602 2668 1681 2692 esset
1701 2664 1732 2692 in
1753 2672 1891 2700 numero,
1909 2663 2031 2700 scripsit
2052 2662 2215 2692 orationem
2237 2662 2351 2699 generis

311 2719 391 2758 ejus,
420 2719 500 2756 quod
521 2722 601 2770 essgt
621 2719 659 2748 ad
688 2717 915 2747 delectationem
943 2721 1163 2755 comparatum,
1190 2722 1394 2754 remotumque
1415 2725 1434 2744 a
1458 2716 1577 2754 judiciis
1599 2716 1768 2755 forensique
1796 2717 1956 2746 certamine
1983 2716 2054 2753 quin
2082 2715 2230 2752 redigeret
2250 2723 2350 2743 omnes

310 2771 371 2801 fere
392 2771 424 2799 in
444 2772 590 2807 quadrum
609 2779 821 2807 numerumque
841 2770 1015 2798 sententias.

237 2830 286 2869 Ι0)
308 2833 369 2864 Οἰο.
392 2838 466 2865 oret.
499 2843 525 2863 c.
546 2829 597 2863 66.
640 2833 724 2863 Haec
746 2834 823 2863 enim
853 2830 908 2868 (sc.
930 2833 1026 2862 ineisa
1047 2836 1078 2862 et
1097 2829 1244 2867 membre)
1271 2832 1303 2861 in
1332 2831 1409 2860 veris
1438 2831 1535 2860 causis
1562 2831 1726 2861 maximnm
1753 2836 1868 2869 partem
1896 2831 2036 2860 orationis
2065 2830 2208 2860 obtinent.
2250 2838 2275 2858 c.
2297 2824 2348 2857 67.

311 2886 431 2915 Incisim
453 2891 552 2916 sutem
574 2890 606 2915 et
625 2887 813 2915 membratim
834 2889 966 2914 tractata
987 2885 1082 2913 oratio
1102 2885 1134 2912 in
1154 2885 1232 2912 veris
1255 2883 1351 2912 causis
1373 2884 1532 2920 plurimum
1553 2885 1644 2919 valet,
1665 2886 1855 2921 maximeque
1876 2885 1922 2912 his
1944 2884 2025 2918 locis,
2047 2892 2137 2920 quum
2158 2886 2211 2911 aut
2231 2890 2350 2918 arguas,

2040 2966 2043 2967 γ
2079 2929 2104 2967 6
