2545 3104
291 249 529 297 Dithyrambi
562 251 661 289 enim
691 250 959 298 antiqnisoimn
1000 251 1070 288 etsi
1102 251 1209 287 nulla
1241 261 1370 290 eorum
1402 250 1611 298 fragmenta
1643 255 1804 296 exstant,
1836 258 1978 298 tamen,
2018 264 2130 301 quum
2163 264 2186 288 a
2216 254 2336 299 poetis

128 310 291 347 Bacchio
318 311 482 358 quodam
514 313 640 349 furore
667 312 863 348 concitatis
888 325 933 350 ac
958 310 1238 360 temulentis‚²)
1270 313 1376 349 nulla
1399 312 1683 359 praeparatione
1714 318 1825 349 antea
1858 314 2095 364 instituta,⁸)
2126 314 2337 351 Bacchana-

127 371 226 407 libus
252 371 446 412 decantari
471 374 651 418 solerent,
684 379 761 410 tam
786 363 986 410 temeraria
1009 374 1100 409 hant
1125 373 1236 409 dubie
1260 373 1460 409 verborum
1488 373 1765 420 compositione·
1792 385 1836 409 ac
1859 376 2093 412 successione
2118 376 2337 412 constabant

128 440 182 476 ut,
210 434 380 479 quamvis
405 441 524 470 metro
551 435 849 479 continerentur,
875 442 999 471 tamen
1025 447 1072 470 ne
1098 435 1137 470 in
1163 445 1292 470 versus
1318 430 1475 481 quidem‘
1495 441 1604 470 notos
1629 434 1766 469 nedum
1792 435 1831 469 in
1858 442 2057 482 systemata
2080 436 2141 472 vel
2166 437 2336 482 strophas

126 493 246 541 redigi
276 495 495 541 potuissent.
554 495 690 543 Neque
721 496 838 543 igitur
870 495 1051 542 ejusmodi
1084 495 1247 531 carmina
1278 495 1383 541 prius
1418 495 1641 531 finiebantur
1675 506 1786 541 quam
1822 495 1969 533 divinus
2003 498 2085 542 ille,
2124 508 2197 544 quo
2227 503 2337 543 poeta

125 562 255 602 raptus
283 563 380 601 erat,
406 556 512 593 furor
537 569 578 593 re
605 558 787 594 exhausta
811 558 1073 605 praeteriisset.

293 617 339 653 Id
364 618 425 654 vel
452 630 499 654 ex
526 631 571 655 eo
600 619 785 666 conjicere
810 619 908 662 licet,
935 619 1037 665 quod
1064 624 1102 654 et
1126 623 1257 665 postea
1275 617 1450 653 Bacchici
1475 622 1619 665 poetae,
1645 618 1838 665 strophica
1856 621 2085 668 epodicaque
2108 621 2227 658 iorma
2253 622 2335 668 (per

124 678 323 727 Arionem)
349 679 439 715 huic
465 681 673 717 carminum
700 680 827 729 generi
852 680 974 723 illata,
988 678 1025 725 ⁴)
1057 679 1183 725 prisca
1206 679 1273 714 illa
1299 684 1502 714 metrorum
1528 678 1678 714 licentia
1709 679 1749 714 in
1782 679 1965 726 ejusmodi
1991 682 2230 730 dithyrambis
2256 688 2335 717 ute·

124 740 278 786 bantur,
305 741 373 788 qui
399 742 514 779 choro
541 749 706 787 remoto,
739 754 763 778 a
788 742 877 778 solis
903 741 1025 788 poetis
1053 741 1255 777 dramatico
1268 740 1305 788 ι)
1332 741 1494 788 quodam
1521 747 1558 777 et
1582 741 1687 780 vocis
1713 747 1751 777 et
1775 749 1947 790 gestuum
1973 745 2101 781 habitu
2127 751 2333 793 agerentur.

125 800 199 838 Sed
225 802 315 840 dum
341 803 487 856 priores
514 804 571 841 illi
596 810 729 852 poetae
754 803 901 847 rustici,
930 802 1071 849 quippe
1095 802 1377 839 versificationis
1396 813 1528 850 parum
1554 802 1661 850 gnari
1686 803 1796 851 genio
1823 815 1891 841 suo
1911 805 2147 853 indulgentes
2173 806 2335 843 carmina

123 862 189 898 illa
213 863 408 901 incondita
431 865 611 901 tundunt:
637 865 676 900 hi
701 866 747 900 de
766 864 951 900 industria
969 864 1131 911 priscam
1156 863 1380 910 dithyrambi
1400 869 1571 899 naturam
1596 864 1774 900 aemulati
1798 870 1856 901 tot
1881 877 1991 913 saepe
2012 878 2123 904 voces
2142 868 2332 916 ingenioso

123 925 332 972 audacique
357 927 471 963 modo
497 927 535 962 in
561 938 676 963 unum
702 927 927 962 vocabulum
955 926 1229 973 conglobarunt
1259 931 1302 960 ut
1326 931 1480 972 propter
1504 925 1656 961 nimiam
1682 924 1901 972 junctorum
1915 925 1952 975 ⁸)
1984 929 2184 965 verborum
2215 928 2333 976 longi·

124 986 291 1021 tudinem
318 998 484 1030 carmen,
512 987 683 1032 quamvis
709 999 757 1022 ex
782 993 900 1021 metro
926 986 1164 1029 recitaretur,
1190 992 1314 1021 tamen
1341 997 1461 1032 neque
1487 986 1681 1021 stichicum
1708 993 1807 1022 esset
1833 999 1954 1033 neque
1980 976 2219 1036 strophicum.
2234 989 2270 1035 ⁷)

286 1046 421 1093 Neque
446 1059 536 1082 vero
563 1060 638 1083 non
665 1046 908 1094 dithyrambis
933 1047 1092 1082 choricis
1118 1046 1241 1081 avitus
1277 1046 1342 1082 ille
1376 1058 1456 1082 mos
1482 1046 1536 1081 sic
1562 1046 1730 1083 adhaesit
1755 1054 1826 1091 ut,'
1848 1048 1913 1095 qui
1939 1056 2018 1085 erat
2045 1050 2147 1086 chori
2173 1051 2332 1096 praesul,

123 1112 208 1140 ante
235 1117 383 1143 carmen
411 1107 665 1152 decantatum,
700 1119 840 1155 pauca,
874 1118 969 1154 quae
996 1107 1044 1143 ad
1078 1107 1188 1143 deum
1215 1107 1389 1154 diemque
1415 1107 1676 1144 celebrandum
1702 1107 1763 1143 vel
1796 1108 1845 1144 ad
1878 1109 2051 1146 carminis
2077 1117 2332 1159 argumentum

123 1168 386 1212 explicandum
413 1171 661 1215 pertinerent,
698 1170 879 1216 rhythmis
905 1171 988 1216 lege
1014 1170 1148 1205 solutis
1180 1170 1365 1215 praeludii
1397 1170 1456 1204 vel
1482 1170 1664 1215 prooemii
1689 1170 1808 1205 instar
1833 1170 1903 1205 deo
1929 1172 2062 1216 plenus
2094 1173 2331 1218 praecineret.

123 1227 270 1274 Quibus
291 1242 340 1266 ex
365 1231 567 1278 praeludiis
592 1237 748 1279 propter
773 1230 1046 1277 sesquipedalia
1080 1230 1146 1266 illa
1177 1230 1362 1266 vocabula
1386 1230 1433 1266 ab
1458 1230 1712 1278 Aristophane
1738 1229 1818 1276 jam
1844 1230 1963 1267 irrisis
1998 1231 2088 1278 (Av.
2115 1244 2150 1268 v.
2181 1229 2333 1271 1383-

125 1287 234 1328 1390.
259 1291 349 1328 Pac.
374 1290 604 1330 eze—83⁴.
633 1292 690 1329 ed.
722 1291 901 1339 Teubner.)
926 1296 1034 1327 vetus
1059 1290 1253 1339 tragoedia
1277 1290 1446 1338 proiecta
1457 1289 1494 1339 ⁸)
1521 1302 1601 1328 esse
1627 1291 1774 1329 dicitur.

286 1356 420 1401 Itaque
446 1357 636 1391 simillima
661 1356 853 1391 incondito
880 1355 936 1389 illi
962 1354 1221 1400 antiquissimo
1249 1360 1286 1388 et
1311 1355 1509 1390 recentiori
1536 1356 1769 1401 dithyrambo
1795 1355 1856 1389 vel
1882 1355 2199 1401 dithyrambornm
2227 1369 2332 1391 exor-

123 1413 193 1450 diis
206 1412 242 1463 ⁹)
269 1412 512 1465 (ἀναβολαῖς)
538 1416 626 1453 talis
653 1416 724 1453 erit
748 1415 885 1460 oratio,
914 1426 1009 1463 quae
1034 1425 1102 1463 pro
1131 1414 1398 1451 sententiarum
1426 1414 1569 1452 ratione
1593 1415 1867 1463 verborumque
1895 1414 2024 1452 ordine
2050 1415 2278 1453 in-membra
2297 1423 2331 1454 et

120 1478 295 1521 periodos
329 1479 501 1512 distribui
535 1485 696 1523 nequeat
727 1479 870 1513 neonisi
904 1478 1054 1522 quando
1092 1478 1290 1511 verborum
1326 1478 1535 1522 granditate
1568 1489 1612 1512 ac
1647 1478 1897 1512 concinnitate
1929 1479 2096 1522 poeticae
2129 1481 2331 1513 venustatis

121 1537 281 1584 speeiem
307 1550 398 1586 prae
423 1551 463 1577 se
489 1539 594 1577 ferat.

237 1630 265 1671 ¹)
287 1634 379 1665 Arist.
400 1634 488 1666 Bhet.
510 1635 531 1667 1
551 1635 607 1666 111.
631 1643 656 1665 0
677 1630 708 1665 9.
749 1630 807 1674 τὴν
827 1628 866 1661 δὲ
887 1627 975 1667 λέξιν
996 1628 1120 1673 ἀνάγκη
1144 1626 1225 1660 εἶναι
1247 1628 1267 1673 ἦ
1291 1628 1466 1673 εἰρομένην
1483 1651 1591 1661 ......
1614 1629 1634 1672 ἦ
1656 1628 1944 1673 κατεστραμμένην
1966 1628 2017 1661 καὶ
2039 1629 2154 1669 ὁμοίαν
2176 1631 2248 1667 ταῖς
2268 1632 2331 1662 τῶν

285 1683 433 1724 ἀρχαίων
455 1686 598 1725 ποιητῶν
618 1683 863 1723 ἀντιστρόφοις

234 1735 264 1775 ²)
285 1739 368 1770 Plat-
388 1739 435 1770 Jo.
457 1749 487 1778 p.
503 1735 575 1769 533.
613 1733 665 1767 καὶ
688 1733 720 1766 οἱ
740 1732 912 1774 μελοποιοὶ
933 1733 965 1769 οξ
986 1732 1107 1776 ἀγαθοὶ
1127 1732 1305 1774 ὡσαύτως,
1328 1730 1438 1775 ὥςπερ
1460 1732 1491 1764 οἱ
1512 1731 1794 1776 κορυβαντιῶντες
1814 1732 1874 1765 οὐκ
1896 1702 2064 1776 ἔμφρονες
2083 1732 2178 1770 ὄντες
2197 1733 2329 1777 ὀρχοῦν-

284 1797 355 1818 ται·
385 1788 457 1820 534.
500 1787 590 1818 οὕτω
612 1787 664 1818 καὶ
685 1787 718 1818 οἱ
737 1786 910 1825 μελοποιοὶ
934 1787 993 1818 οὐκ
1015 1786 1184 1828 ἔμφρονες
1209 1786 1304 1822 ὄντες
1333 1786 1373 1817 τὰ
1394 1785 1475 1817 καλὰ
1496 1786 1578 1828 μέλη
1607 1788 1711 1818 ταῦτα
1732 1788 1899 1829 ποιοῦσιν,
1933 1785 2009 1817 ἀλλ’
2032 1785 2162 1817 ἐπειδὰν
2186 1786 2330 1825 ἐμβῶσιν

284 1839 337 1875 εἷς
355 1839 414 1881 τὴν
436 1839 596 1880 ἁρμονίαν
616 1838 669 1871 καὶ
690 1838 743 1875 εἷς
761 1838 817 1871 τὸν
834 1839 968 1881 ῥυθμὸν
987 1838 1189 1882 βακχεύουσι
1210 1837 1262 1870 καὶ
1284 1838 1509 1880 κατεχόμενοι,
1531 1837 1644 1879 ὥσπερ
1666 1838 1699 1870 αἱ
1719 1838 1853 1880 βάκχαι,
1875 1837 2070 1879 ἀρύττονται
2093 1838 2128 1869 ἐκ
2150 1839 2214 1869 τῶν
2236 1848 2328 1869 ποτα-

284 1892 357 1931 μῶν
378 1890 454 1931 μέλι
475 1890 526 1924 καὶ
547 1890 634 1934 γάλα
655 1890 890 1936 κατεχόμενοι,
912 1889 1081 1934 ἔμφρονες
1100 1888 1138 1922 δὲ
1159 1888 1256 1922 οὖσαι
1277 1888 1328 1923 οὔ.

380 1951 494 1979 Athen.
516 1951 657 1987 Deipnos.
679 1951 701 1978 1.
722 1950 808 1978 XIV.
829 1946 880 1977 2⁴.
901 1958 932 1986 p.
954 1945 1026 1977 276.
1049 1950 1095 1977 ed.
1119 1948 1273 1986 Schweiql.
1308 1941 1492 1985 Φιλόχορος
1511 1943 1549 1974 δέ
1572 1954 1688 1985 φησιν,
1711 1944 1761 1985 ὡς
1780 1944 1812 1974 οἱ
1834 1942 1962 1973 παλαιοὶ
1984 1942 2181 1979 σπένδοντες
2200 1943 2259 1973 οὐκ
2280 1944 2330 1973 ἀεὶ

285 1996 568 2040 διθυραμβοῦσιν,
590 1996 662 2030 ἀλλ’
683 1997 763 2031 ὅταν
784 1996 966 2033 σπένδωσι,
989 1996 1045 2028 τὸν
1065 1995 1125 2035 μὲν
1148 1994 1304 2027 Διόνυσον
1328 1995 1362 2026 ἐν
1386 1993 1464 2037 οἴνῳ
1485 1993 1535 2027 καὶ
1556 1995 1664 2039 μέθῃ,
1688 1996 1743 2028 τὸν
1765 1995 1793 2027 δ’
1819 1993 2000 2029 (Απόλλωνα
2020 1995 2100 2034 μεθ’
2121 1995 2261 2038 ἡσυχίας
2280 1995 2330 2027 καὶ

284 2049 417 2087 τάξεως
434 2049 625 2089 μέλποντες.
673 2047 865 2095 Ἀρχίλοχος
882 2047 964 2090 γοῦν
985 2047 1102 2091 φησίν·

772 2101 839 2138 Ὠς
858 2101 1029 2132 Διονύσου
1052 2098 1194 2136 ἄνακτος
1216 2100 1312 2131 καλὸν
1337 2099 1477 2141 ἐξάρξαι
1498 2099 1601 2138 μέλος

770 2152 849 2186 Οἶδα
870 2151 1101 2195 διθύραμβον,
1124 2150 1202 2195 οἴνῳ
1224 2150 1515 2194 συγκεραυνωθεὶς
1532 2152 1668 2194 φρένας.

365 2211 413 2240 cr.
435 2212 550 2250 Ber-910,
571 2213 655 2241 root„
677 2213 734 2250 lyr.
757 2213 870 2240 Arum.
893 2207 944 2238 72.
987 2211 1101 2239 suot.
1123 2211 1154 2239 in
1173 2210 1272 2239 Procu
1294 2209 1411 2238 cureat.
1433 2210 1479 2238 «ι.
1505 2209 1600 2247 σαφ’.
1622 2218 1652 2246 p.
1674 2204 1745 2238 483.
1767 2208 1854 2238 tufi-2.

232 2260 263 2299 ⁸)
284 2263 378 2293 Arist.
399 2264 484 2294 Post.
506 2273 531 2293 c.
554 2260 584 2293 4.
627 2258 709 2291 κατὰ
730 2258 829 2299 φύσιν
852 2259 890 2291 δὲ
911 2258 1009 2295 ὄντος
1027 2258 1103 2301 ἡμῖν
1125 2259 1185 2291 τοῦ
1206 2257 1381 2297 μιμεῖσθαι
1408 2257 1460 2289 καὶ
1482 2260 1543 2300 τῆς
1560 2257 1724 2300 ἁρμονίας
1743 2257 1794 2289 καὶ
1817 2258 1876 2289 τοῦ
1895 2255 2030 2299 ῥυθμοῦ
2054 2277 2164 2288 ......
2185 2255 2330 2300 ἐέἀρχῆς

283 2311 315 2343 οἱ
337 2309 524 2351 πεφυκότες
543 2311 627 2351 πρὸς
645 2310 731 2343 αὐτὰ
750 2310 893 2349 μάλιστα
914 2310 995 2342 κατὰ
1014 2310 1130 2352 μικρὸν
1151 2310 1356 2353 προάγοντες
1379 2310 1554 2352 ἐγέννησαν
1582 2310 1640 2351 τὴν
1664 2310 1791 2352 ποίησιν
1821 2309 1857 2340 ἐκ
1887 2310 1952 2339 τῶν
1981 2307 2328 2350 αὐτοσχεδιασμάτων.

234 2365 264 2404 ⁸)
285 2368 397 2399 Herod.
418 2369 442 2398 1.
464 2364 515 2398 23.
562 2360 698 2406 Ἀρίωνα
726 2363 782 2396 τὸν
807 2360 1021 2408 Μηθυμναῖον
1136 2361 1233 2395 ἐόντα
1253 2360 1440 2404 κιθαρῳδὸν
1470 2362 1534 2394 τῶν
1556 2360 1633 2393 τότε
1655 2360 1777 2393 ἰόντων
1798 2358 1938 2397 οὐδενὸς
1960 2358 2135 2401 δεύτερον,
2165 2358 2215 2391 καὶ
2237 2358 2326 2393 διθύ-

279 2416 433 2459 ραμβον,
466 2419 596 2458 πρῶτον
617 2415 821 2458 ἀνθρώπων,
848 2418 912 2447 τῶν
934 2416 1033 2459 ἡμεῖς
1050 2414 1161 2454 ἴδμεν,
1189 2413 1370 2458 ποιήσαντά
1391 2424 1427 2444 τε
1448 2417 1483 2453 (i.
1505 2428 1530 2447 e.
1552 2427 1670 2454 eorum,
1699 2419 1751 2456 qui
1772 2423 1841 2447 ante
1863 2418 2003 2446 Arionem
2024 2416 2227 2453 dithyrambos
2248 2426 2326 2446 com-

283 2479 449 2512 posuerunt
468 2475 590 2505 nomina
610 2475 715 2511 ignoro
743 2479 774 2503 et
794 2475 940 2510 carmina,
969 2482 1060 2510 quum
1081 2481 1185 2510 neque
1203 2473 1299 2502 literis
1328 2473 1469 2502 mandata
1496 2481 1591 2509 neque
1617 2473 1773 2507 memoriae
1801 2472 1913 2501 tradita
1942 2468 2017 2504 sint)
2047 2463 2097 2495 καὶ
2120 2464 2326 2503 ὀνομάσαντα

282 2523 316 2560 (i.
339 2533 364 2554 e.
386 2527 508 2555 nomina
528 2526 655 2563 singulis
675 2525 783 2555 indidit
803 2522 996 2559 carminibus)
1017 2519 1067 2551 καὶ
1089 2518 1268 2555 διδάξαντα
1291 2519 1326 2550 ἐν
1349 2515 1512 2562 Κορίνθῳ.

377 2573 1143 2616 cr.Philolog.ed.80ae-ddee.n.18⁴6.fueic.
1164 2577 1218 2606 m
1240 2586 1269 2614 p.
1292 2572 1364 2605 ιοι
1480 2585 1484 2589 -

374 2631 472 2662 Proel.
494 2630 611 2661 chnut.
634 2625 679 2658 ιά.
725 2622 767 2657 ‘0
788 2624 826 2657 δὲ
847 2624 1066 2667 Διθύραμβος
1084 2634 1250 2667 γραφεται
1271 2624 1333 2663 μὲν
1355 2624 1406 2660 εἰς
1425 2622 1592 2655 Διόνυσον.
1636 2624 1692 2656 τὸν
1713 2623 1752 2656 δὲ
1773 2622 1961 2666 ἀρξάμενον
1992 2623 2051 2663 τῆς
2071 2617 2163 2663 ᾠδης
2187 2618 2324 2662 Ἀριστο·

281 2678 381 2723 τέλης
399 2682 509 2720 (tribus
537 2685 598 2714 illis
619 2684 746 2714 iortaue
767 2684 851 2713 libris
881 2694 899 2713 a
919 2683 1082 2712 Plutarcho
1108 2683 1141 2711 in
1161 2681 1285 2711 Homeri
1312 2681 1378 2710 vita
1406 2681 1521 2717 citatis,
1550 2682 1615 2719 jam
1636 2691 1707 2711 vero
1737 2681 1869 2719 perditis.
1913 2677 1960 2708 Cf.
1981 2677 2093 2708 Annot.
2121 2677 2152 2706 in
2178 2677 2274 2707 Procl.
2295 2687 2325 2737 p.

280 2734 352 2766 477.
373 2735 476 2772 infra.)
502 2729 639 2775 Ἀρίωνα
659 2731 768 2773 λέγει·
792 2731 831 2768 ὃς
852 2733 985 2773 πρῶτος
1006 2731 1061 2761 τὸν
1083 2729 1210 2761 κύκλιον
1232 2729 1338 2772 ἤγαγε
1354 2728 1472 2771 χορόν.
2194 2776 2214 2809 ἔ

231 2788 263 2827 ’)
281 2790 546 2879 ἒῗιῒτῖἓῖῗῖῒ
567 2789 748 2879 ’,ἰῖἲηῖἱῖ
762 2785 819 2867 32⁵
821 2787 1003 2879 ἕξοῖω
968 2788 1033 2817 ⁰⁰⁶
1077 2782 1153 2879 ‘'1²2ss
1171 2781 1232 2866 ¹5⁰2
1246 2780 1525 2866 ism&
1545 2777 2325 2876 ‘Slssefflffassissf‘ss‘ssz⁰⁶ffaiok⁰⁰31

280 2890 501 2933 ἀγωνιστικῶς
525 2885 614 2932 ᾅδειν
628 2888 774 2933 χαλεπὸν
795 2887 845 2932 ἦν.
884 2887 973 2921 ὥστε
995 2888 1028 2919 ἐν
1050 2887 1191 2931 ἁρμονίᾳ
1212 2885 1295 2930 μέλη
1319 2884 1451 2931 ὲνῇδον.
1485 2884 1705 2926 μεταβάλλειν
1726 2885 1792 2928 γὰρ
1814 2883 1936 2920 πολλὰς
1955 2880 2147 2923 μεταβολὰς
2165 2881 2211 2925 τᾷ
2228 2881 2259 2914 δ’
2276 2880 2324 2914 ἑνὶ
