2545 3104
1249 108 1308 154 12

167 240 386 289 (Cic->oret
413 252 445 277 c.
471 238 576 289 58st
629 241 780 288 Reliqui
804 252 896 277 vero
920 241 1035 289 pedes
1055 265 1157 284 „0-
1180 277 1188 290 ,
1210 265 1281 283 ..υ
1300 277 1309 291 ,
1330 265 1462 284 -uou
1483 276 1492 291 ¹
1514 271 1604 277 --.
1626 276 1635 289 ,
1657 264 1740 282 uu..
1762 277 1770 291 ,
1794 269 1914 284 -υ-
1937 277 1947 294 ,
1979 256 2048 291 pro
2071 243 2301 292 syllabarum
2324 249 2389 278 ent

168 303 359 347 brevium,
385 308 459 341 eut·
478 303 708 350 longarum,
731 302 866 348 quibus
894 310 1069 340 constent
1094 305 1366 352 compositione
1390 310 1456 341 aut
1482 315 1650 349 cursum,
1687 310 1753 340 aut
1777 305 1991 342 tarditatem
2017 305 2227 354 significant
2258 311 2294 340 et
2319 316 2388 351 pro

168 364 376 402 sententiae
401 370 537 402 ustura
562 370 670 402 erunt
690 363 949 413 -eligendi.·⁸.)

284 455 313 494 Ι)
336 457 399 489 Cic.
421 463 498 489 orat.
521 469 546 488 c.
569 455 621 488 2⁰.
663 457 744 489 Nam
766 460 857 491 etiam
877 465 983 499 poetes
1005 464 1206 500 questionem
1229 462 1414 500 attulerunt,
1450 461 1594 500 quidnam
1615 464 1694 491 esset
1714 460 1807 498 illud,
1839 458 1898 500 quo
1919 462 1978 501 ipsi
1999 459 2134 493 different
2155 462 2192 491 ab
2214 461 2388 491 oratoribus.

332 511 465 542 Numero
484 512 618 542 maxime
639 511 821 544 videbantur
841 518 931 544 antea
952 518 983 546 et
1002 522 1109 546 versu:
1129 526 1208 546 nunc
1228 517 1307 554 apud
1326 520 1457 546 emtores
1475 514 1541 553 jam
1555 514 1628 552 “ipss
1648 522 1788 544 numerus
1809 515 1983 546 increbruit.
2024 526 2049 547 c.
2067 511 2118 546 56.
2145 512 2210 546 Sod‘
2222 514 2255 544 hi
2275 514 2389 544 numeri

333 563 391 601 (se.
413 562 572 602 cuntionis)
599 567 749 604 poeticine
771 569 848 605 sint,
879 577 917 599 sn
938 578 978 598 ex
999 570 1058 599 alio
1078 576 1185 607 gemere
1207 571 1348 607 quodam,
1377 568 1516 606 deinceps
1537 572 1583 598 est
1602 567 1773 598 videndum.
1815 568 1926 599 Nullus
1947 574 1995 600 est
2021 570 2116 608 igitur
2143 576 2280 611 nmnerus
2302 571 2390 597 extra

333 619 482 657 poeticos,
510 624 670 658 propterea
691 622 771 659 qnod
791 622 916 652 definita
941 626 1013 651 sunt
1032 632 1143 659 genera
1162 631 1358 652 numerorum.
1401 631 1427 651 c.
1447 617 1500 650 60.
1533 621 1565 650 Si
1589 629 1670 658 quse
1697 629 1745 649 res
1772 621 1887 651 eficiat
1906 623 2094 658 voluptatem
2114 620 2161 656 (in
2179 629 2301 650 numero
2323 628 2388 647 ora-

330 672 408 700 torio
429 669 618 720 quaesitur){
646 673 766 711 eadem,
795 681 873 712 quae
893 673 924 703 in
943 674 1098 711 versibus,
1125 683 1251 712 quorum
1270 674 1390 705 modum
1419 677 1506 705 notat
1527 683 1592 710 ars,
1619 673 1672 703 sed
1693 681 1779 703 aures
1801 673 1885 711 ipsae
1915 675 2008 705 tacito
2030 684 2097 705 sum
2126 683 2214 704 seusu
2242 673 2304 702 sine
2325 677 2388 701 erte

332 724 497 756 definiunt..

278 770 310 811 ³)
333 773 398 806 Cic.
416 779 493 807 crat.
515 785 541 807 c.
559 771 611 807 68.
706 799 714 808 .
732 777 786 808 sed
803 778 874 808 ordo
895 777 1003 816 pedum
1023 776 1107 816 facit,
1128 782 1164 810 ut
1181 779 1221 817 id,
1243 778 1320 818 quod
1338 778 1552 818 pronuntietur
1573 783 1626 809 aut
1642 778 1795 815 orationis,
1818 783 1871 809 aut
1891 780 2038 816 poemstis
2061 780 2156 809 simile
2177 780 2313 809 videatur
2331 783 2387 807 etc.

277 826 310 863 ἶ)
332 829 396 858 Cic.
419 834 494 859 orat.
510 829 550 859 'c.
571 826 623 858 58.
665 831 728 858 Nec
755 838 827 858 vero
854 831 881 857 is
912 839 1015 858 cursus
1045 835 1093 859 est
1113 840 1316 866 numerorum,
1348 831 1492 860 orationis
1515 831 1597 866 dlco,
1625 830 1702 859 nihil
1723 834 1759 859 ut
1779 830 1834 859 flat
1855 834 1944 860 extra
1964 832 2101 867 modum3
2129 840 2199 860 nem
2220 831 2251 859 id
2272 830 2387 867 quidem

333 884 414 911 esset
434 890 556 920 poemn
577 882 630 912 sed
651 882 747 912 omnis
767 890 822 912 nec
844 882 1033 919 claudicans,
1055 892 1109 913 nec
1131 884 1217 922 quasi
1238 883 1387 914 fluctuans
1410 887 1441 914 et
1461 884 1626 922 aequaliter
1647 887 1878 921 constanterque
1898 883 2068 921 ingrediens
2087 892 2244 928 numerose
2264 884 2389 913 hebetur

333 935 441 964 oratio.
483 934 584 970 Atque
605 935 636 962 id
657 935 689 963 in
710 935 835 963 dicendo
855 943 1045 964 numerosum
1064 940 1205 973 putatur,
1230 937 1308 974 quod
1330 944 1391 965 non
1412 940 1508 966 totum
1525 939 1644 966 constat
1665 944 1681 966 e
1701 935 1842 973 numeris,
1863 937 1916 966 sed
1936 937 2017 974 quod
2038 936 2077 966 ed
2096 944 2235 966 numeros
2256 935 2388 973 proxime

333 987 450 1016 secedit
474 990 532 1017 stc.
575 985 638 1017 cio.
659 987 696 1017 de
718 991 793 1017 ont.
822 987 921 1017 1111.
952 997 978 1018 c.
1001 985 1052 1018 44.
1095 988 1207 1018 Versus
1235 989 1313 1019 enim
1342 993 1460 1019 veteres
1487 989 1534 1019 illi
1562 990 1593 1018 in
1623 989 1680 1018 luc
1707 989 1808 1018 soluta
1835 989 1971 1018 cretione
1998 991 2229 1049 propemodum,
2257 989 2313 1017 hoc
2334 992 2388 1020 est,

332 1047 471 1068 numeros
493 1041 636 1076 quosdam
658 1040 745 1069 nobis
768 1049 832 1069 esse
854 1040 1037 1070 adhibendos
1058 1045 1251 1078 putaverunt.

278 1086 310 1126 ⁴)
331 1089 395 1121 Cic.
411 1095 487 1122 oret.
509 1102 535 1122 c.
554 1088 606 1122 65.
644 1092 775 1123 Multum
795 1093 938 1131 Interest,
968 1098 1070 1124 utrum
1090 1103 1250 1125 numerose
1271 1095 1326 1130 sit,
1355 1095 1376 1124 i.
1392 1104 1417 1125 e.
1440 1095 1544 1124 similis
1565 1103 1763 1131 numerorum,
1783 1103 1825 1125 au
1845 1094 1938 1131 plane
1958 1103 1975 1123 e
1996 1095 2126 1124 numer-Is
2148 1099 2265 1123 constet
2285 1094 2387 1122 oratio.

278 1141 309 1180 ⁸)
332 1143 395 1173 Cic.
418 1148 493 1174 orat.
523 1154 549 1175 c.
570 1141 621 1175 66.
664 1143 793 1176 Constat
821 1145 950 1176 ambitus
978 1150 1008 1177 et
1039 1147 1128 1185 plene
1155 1147 1378 1186 comprehensio
1400 1157 1416 1178 e
1439 1151 1566 1187 quatuor
1592 1146 1655 1178 fers
1681 1147 1833 1185 partibus,
1863 1157 1941 1185 quae
1961 1149 2094 1178 membre
2116 1148 2249 1178 dicimus.
2273 1166 2310 1170 —-
2333 1147 2388 1176 His

332 1199 426 1235 igitur
447 1199 572 1235 singulis
593 1200 730 1228 versibus
752 1196 809 1233 (sc.
830 1198 984 1234 membris)
1006 1201 1091 1236 qnasi
1113 1202 1183 1229 nodi
1202 1205 1352 1237 *apparent
1373 1200 1622 1235 continuationis,
1645 1209 1719 1237 quos
1740 1201 1770 1229 in
1792 1200 1907 1229 ambitu
1929 1201 2147 1237 conjungimus.

279 1245 310 1284 ⁸)
332 1248 395 1279 Cic.
417 1250 454 1279 de
475 1254 549 1279 orat.
571 1251 592 1279 l.
613 1250 669 1280 m.
693 1259 719 1279 c.
741 1247 792 1279 44.
835 1251 1093 1288 interspirationes
1116 1252 1193 1281 enim
1215 1262 1274 1281 non
1296 1252 1512 1290 defatigatione
1533 1256 1636 1282 nostra
1657 1261 1752 1290 neque
1773 1253 1961 1282 librariorum
1985 1254 2081 1288 notis,
2111 1254 2162 1282 sed
2182 1253 2338 1282 verborum
2361 1256 2390 1280 et

334 1304 549 1332 sententiarum
569 1305 657 1332 modo
677 1304 883 1341 interpunctas
906 1305 1054 1333 clausulas
1084 1305 1114 1333 in
1136 1305 1319 1334 orationibus
1343 1314 1407 1334 esse
1428 1306 1596 1334 voluerunt.
1640 1304 1702 1334 Cic.
1725 1309 1800 1333 orat.
1832 1314 1857 1333 c.
1879 1300 1931 1333 68.
1965 1304 2053 1334 Hanc
2075 1305 2167 1342 igitur
2189 1305 2251 1333 sive
2272 1313 2389 1340 compo-

331 1355 486 1391 sitionem,
508 1356 571 1384 sive
592 1355 814 1393 perfectionem,
837 1357 901 1385 sive
923 1366 1076 1385 numerum
1098 1358 1198 1385 vocari
1220 1357 1329 1394 placet,
1351 1358 1492 1386 adhibere
1513 1366 1631 1386 necesse
1653 1362 1716 1393 est,
1739 1358 1764 1385 si
1787 1361 1889 1386 ornate
1907 1358 1983 1386 velis
2006 1358 2103 1386 dicere
2125 1366 2185 1386 non
2207 1357 2301 1385 solnm
2313 1376 2388 1385 .....

334 1417 372 1438 ne
393 1408 507 1438 infinite
528 1409 656 1446 feratur,
679 1413 714 1439 ut
733 1408 844 1439 flumen
866 1411 976 1447 oratio,
1006 1420 1081 1448 quae
1102 1420 1162 1440 non
1183 1415 1236 1440 eut
1257 1410 1364 1448 spiritu
1385 1411 1622 1448 pronuntiantis,
1651 1414 1704 1439 aut
1724 1411 1894 1440 interductu
1915 1410 2043 1446 librarii,
2073 1412 2125 1439 sed
2145 1419 2266 1439 numero
2289 1414 2390 1438 coacta

333 1463 423 1491 debet
442 1463 593 1491 insistere:
615 1471 719 1491 verum
741 1463 831 1492 etiam
854 1467 911 1491 etc.

281 1510 311 1548 ⁷)
334 1512 396 1543 Cic.
415 1519 490 1544 oret.
513 1524 538 1544 c.
559 1510 610 1544 66.
652 1514 678 1544 Ε
700 1519 829 1553 quotuor
849 1515 943 1552 igitur
960 1516 1046 1553 quasi
1067 1515 1306 1544 hexametrorum
1327 1516 1424 1544 instar
1444 1523 1584 1543 versuum
1605 1516 1684 1552 quod
1706 1516 1759 1551 sit,
1782 1519 1902 1544 constat
1922 1514 1985 1544 fere
2006 1515 2094 1552 plene
2115 1514 2347 1552 comprehensio.

279 1563 311 1602 ⁸)
333 1566 395 1596 Cic.
418 1572 494 1596 orat.
516 1578 542 1596 c.
564 1563 615 1596 66.
659 1567 713 1596 Sin
733 1569 921 1597 membratim
942 1569 1080 1596 volumus
1103 1569 1198 1596 dicere
1220 1569 1393 1596 insistimus.
1436 1568 1524 1595 Rhet.
1546 1569 1584 1596 ad
1599 1568 1671 1595 Her.
1694 1568 1713 1595 l.
1733 1568 1785 1595 IV.
1808 1576 1834 1595 c.
1855 1563 1903 1596 19.
1935 1567 2103 1595 Membrnm
2124 1567 2266 1595 orationis
2288 1566 2388 1602 appel-

332 1619 414 1647 latur
433 1628 480 1647 res
503 1620 634 1648 breviter
660 1620 800 1649 absoluta
827 1620 890 1648 sine
921 1620 1013 1648 totius
1045 1621 1208 1648 sententiae
1230 1620 1499 1655 demonstratione,
1529 1628 1603 1657 quse
1625 1620 1722 1648 denuo
1751 1620 1809 1648 elio
1834 1620 1966 1649 membro
1988 1619 2129 1648 orationis
2159 1619 2307 1655 excipitur
2335 1618 2389 1647 hoc

332 1673 435 1701 modo:
465 1672 525 1708 „Et
546 1672 665 1701 inimico
686 1668 857 1709 prodens.“
901 1672 937 1701 Id
959 1677 1006 1700 est
1026 1681 1134 1707 unum,
1156 1674 1235 1709 qnod
1255 1672 1425 1709 appelletur
1445 1673 1617 1700 membrum.
1660 1672 1775 1700 Deinde
1805 1672 1861 1700 hoc
1882 1672 2051 1708 excipietur
2072 1675 2189 1707 oportet
2220 1671 2258 1699 sb
2281 1671 2389 1699 altero:

335 1725 395 1759 „Et
417 1725 545 1753 amicum
563 1720 733 1753 laedebas.“
777 1724 827 1752 Ex
849 1724 964 1752 dnobus
985 1725 1124 1752 membris
1146 1725 1218 1753 hsec
1240 1724 1396 1754 exornatio
1414 1727 1513 1761 potest
1535 1728 1689 1753 constare:
1713 1725 1764 1753 sed
1781 1724 2018 1754 commodissima.
2040 1727 2070 1753 et
2092 1723 2314 1754 absolutissima
2335 1727 2388 1757 est,

333 1787 409 1815 quae
432 1787 472 1807 ex
493 1779 589 1807 tribus
611 1782 729 1807 constet
748 1778 806 1806 hoc
827 1782 933 1814 pacto:
966 1777 1025 1813 „Et
1045 1778 1165 1807 inimico
1186 1780 1341 1815 proderes,
1371 1782 1402 1807 et
1423 1779 1550 1806 amicum
1572 1779 1728 1813 laedebas,
1750 1782 1781 1807 et
1803 1779 1858 1807 tibi
1880 1779 1938 1814 ipsi
1959 1787 2018 1806 non
2041 1777 2225 1806 consulebas.
2238 1774 2252 1787 “
2297 1777 2387 1804 Item:

335 1819 416 1865 „Nec
436 1831 618 1867 reipublicae
640 1830 836 1865 consuluisti,
857 1838 912 1858 nec
934 1830 1035 1858 amicis
1056 1829 1209 1867 profuisti,
1232 1839 1285 1859 nec
1306 1830 1433 1859 inimicis
1455 1830 1601 1860 restitisti.
1613 1826 1627 1840 “

413 1883 539 1919 Dionys.
561 1882 633 1912 Hal.
655 1883 692 1912 de
712 1883 795 1913 verb.
817 1882 913 1911 comb-
935 1891 961 1911 c.
983 1882 1022 1911 Π.
1045 1891 1074 1919 p.
1096 1879 1126 1911 9,
1170 1877 1249 1920 πλὴν
1270 1877 1332 1920 ἥγε
1354 1879 1420 1909 τῶν
1443 1877 1600 1919 πρώτων,
1629 1876 1697 1909 εἴτε
1717 1880 1782 1910 τῶν
1804 1880 1922 1921 τριῶν,
1944 1878 1964 1920 ἢ
1998 1877 2186 1921 τεττάρων,
2217 1875 2280 1908 εἴθ’
2302 1877 2387 1908 ὅσων

333 1929 374 1973 δή
398 1941 478 1963 ποτε
500 1930 604 1962 ὄντων
623 1932 737 1972 μερῶν
760 1928 860 1973 πλοκὴ
887 1929 939 1962 καὶ
963 1930 1167 1973 παράθεσις,
1198 1930 1237 1962 τὰ
1259 1929 1422 1973 λεγόμενα
1454 1933 1542 1963 ποιεῖ
1564 1929 1661 1963 κῶλα.
1706 1930 1810 1963 ἔπειθ’
1839 1931 1860 1974 ἡ
1882 1930 2010 1963 τούτων
2031 1930 2174 1971 ἁρμονία
2195 1929 2257 1966 τὰς
2276 1928 2387 1961 καλου-

329 1984 435 2022 μένας
455 1982 645 2025 συμπληροῖ
662 1981 858 2024 περιόδους·
880 1981 978 2014 αὖται
1000 1982 1039 2013 δὲ
1060 1983 1116 2013 τὸν
1139 1983 1308 2021 σύμπαντα
1330 1982 1492 2015 τελειοῦσι
1515 1982 1627 2027 λόγον.

414 2040 541 2076 Quintil.
561 2041 636 2070 Inst-
652 2044 728 2070 orat.
749 2040 772 2070 1.
786 2040 843 2070 IX.
865 2050 890 2070 c.
909 2039 938 2069 4.
962 2037 1031 2069 123.
1064 2041 1230 2070 Membrum
1252 2046 1351 2071 antem
1374 2045 1422 2070 est
1442 2050 1545 2070 sensus
1566 2041 1696 2070 numeris
1718 2042 1890 2077 conclusus,
1914 2041 1966 2069 sed
1987 2049 2005 2069 a
2026 2044 2089 2068 toto
2107 2048 2228 2079 c9rpore
2246 2040 2388 2076 abruptus

330 2099 363 2124 et
382 2103 437 2131 per
458 2104 490 2124 se
512 2094 588 2123 nihil
610 2093 751 2123 efficiens.

279 2145 310 2181 ⁹)
332 2146 395 2176 Cic.
417 2152 492 2177 orat.
516 2157 541 2176 c.
563 2143 615 2175 67.
659 2146 792 2182 „Domus
814 2147 870 2175 tibi
891 2145 1016 2176 deerat?
1037 2150 1071 2176 et
1091 2147 1233 2177 habebas.
1263 2146 1396 2177 Pecunia
1417 2145 1597 2183 superabat?
1617 2150 1651 2176 at
1673 2142 1810 2182 agab-ef
1842 2145 1927 2175 Haec
1948 2146 2040 2174 incise
2060 2145 2141 2174 dicta
2162 2148 2232 2172 sunt
2252 2149 2388 2180 quatuor.

411 2199 538 2238 Dionys.
560 2199 597 2228 de
617 2199 702 2229 verb.
723 2207 820 2237 comp.
842 2208 867 2228 c.
889 2199 1003 2229 xxvi.
1025 2208 1055 2237 p.
1076 2194 1149 2228 213.
1193 2192 1347 2235 πολλάκις
1365 2192 1405 2226 δὲ
1425 2193 1477 2226 καὶ
1499 2193 1550 2230 εἰς
1569 2192 1720 2233 κόμματα
1741 2193 1895 2234 συνάγειν
1915 2191 2113 2235 βραχύτερα
2133 2191 2247 2223 κώλων
2269 2203 2298 2224 1.
2312 2203 2340 2223 τ.
2360 2192 2387 2223 λ.

414 2250 540 2285 Quintil.
563 2245 641 2280 Instl
659 2255 735 2280 orat.
764 2252 786 2279 l.
809 2251 864 2280 IX.
894 2261 919 2280 c.
941 2250 970 2280 4.
999 2248 1066 2280 122.
1108 2251 1239 2280 Incisum
1257 2248 1417 2287 (quantum
1439 2260 1505 2279 meu
1526 2251 1584 2280 fert
1603 2248 1719 2288 opinio)
1741 2251 1798 2280 erit
1818 2259 1924 2279 senms
1951 2259 2011 2279 non
2034 2250 2155 2287 expleto
2176 2257 2296 2277 numero
2319 2257 2387 2277 con-

332 2303 448 2339 clusus3
469 2302 619 2340 plerisque
640 2310 709 2340 pers
731 2303 855 2333 membri
877 2309 933 2333 etc.

259 2354 308 2392 ¹⁰)
331 2355 427 2393 Saepe
456 2356 533 2385 enim
565 2356 673 2385 accidit
701 2360 736 2385 ut
763 2357 886 2394 stropha
915 2366 973 2385 non
1002 2358 1138 2386 versibus
1168 2357 1291 2394 integris
1314 2359 1365 2387 sed
1388 2361 1419 2386 et
1446 2358 1602 2393 membris,
1631 2366 1707 2394 quae
1727 2357 1864 2386 versibus
1892 2357 2008 2386 minora
2036 2359 2121 2391 sunt,
2151 2357 2277 2384 constet.
2320 2355 2387 2384 Vid.

330 2409 497 2447 Hephaest.
519 2410 661 2439 enchirid.
683 2410 729 2439 ed.
755 2409 851 2447 Gaiqs.
877 2408 959 2447 Lips.
986 2406 1073 2439 1832.
1104 2419 1134 2447 p.
1162 2406 1228 2439 125.
1271 2405 1387 2450 στίχος
1408 2403 1478 2437 ἐστὶ
1500 2405 1601 2436 ποσὸν
1621 2405 1772 2447 μέγεθος
1791 2405 1938 2448 μέτρου,
1961 2405 2043 2446 ὅπερ
2062 2402 2140 2436 οὔτε
2160 2401 2297 2434 ἔλαττόν
2319 2402 2387 2435 ἐστι

330 2460 431 2499 τριῶν
452 2457 635 2499 oratoru-2511,
658 2456 737 2490 οὔτε
757 2458 868 2496 μεῖζον
890 2458 1073 2499 τεσσάρων.

259 2512 308 2551 ΙΙ)
328 2515 495 2553 Ηορῑιιοεῐ.
517 2515 538 2544 1.
562 2515 582 2544 1.
630 2506 672 2542 Τὸ
695 2509 734 2541 δὲ
756 2508 891 2541 ἔλαττον
913 2510 949 2541 ὃν
978 2512 1078 2553 τριῶν
1101 2510 1282 2554 συζυγιῶν,
1314 2510 1372 2543 ἐὰν
1393 2510 1455 2550 μὲν
1477 2509 1613 2554 πλήρεις
1633 2509 1692 2556 ἔχῃ
1713 2509 1775 2548 τὰς
1794 2510 1970 2554 συζυγίας,
2001 2507 2223 2553 ἀκατάληκτόν
2246 2508 2315 2542 ἐστι
2337 2510 2387 2541 καὶ

330 2562 473 2596 καλεῖται
495 2562 620 2601 κῶλον,
644 2562 702 2595 ἐὰν
724 2562 764 2596 δέ
784 2574 815 2595 τι
838 2562 986 2608 ἐλλείπῃ,
1008 2564 1130 2604 κόμμα.

257 2619 306 2657 ¹²)
327 2622 397 2651 Not.
419 2622 458 2650 ad
479 2621 578 2658 Περὶ.
600 2631 630 2658 p.
650 2617 724 2650 396.
766 2621 843 2650 Mar.
866 2621 1009 2650 victorin.
1032 2631 1061 2658 p.
1083 2617 1176 2649 2497.
1221 2620 1314 2650 Colon
1336 2625 1385 2651 est
1406 2622 1586 2658 membrum,
1609 2623 1688 2659 qnod
1709 2622 1800 2651 finitis
1823 2626 1943 2651 constat
1964 2621 2104 2658 pedibus3
2127 2628 2257 2655 comme,
2278 2620 2306 2648 in
2329 2629 2386 2657 qno

328 2674 379 2703 vel
400 2682 469 2711 pars
491 2673 575 2710 pedis
597 2678 653 2703 est.
692 2673 759 2703 Erit
778 2673 881 2710 itaque
902 2675 1004 2710 colon,
1027 2683 1093 2702 cnm
1114 2673 1251 2711 integrae
1271 2673 1384 2704 fuerint
1405 2674 1567 2712 zyzygins:
1589 2684 1705 2704 comma
1725 2684 1814 2711 vero,
1837 2684 1904 2704 cnm
1924 2673 2123 2712 imperfectae.

409 2724 521 2756 Atilius
541 2724 697 2756 Fortunat.
718 2735 749 2763 p.
773 2721 867 2754 m.
912 2725 1025 2761 „colon
1048 2730 1094 2755 est
1115 2736 1184 2763 pars
1206 2726 1269 2755 sive
1289 2731 1389 2764 partes
1411 2735 1514 2755 versus
1536 2727 1659 2763 integris
1681 2728 1806 2763 pedibus
1827 2728 1967 2765 impletae
1989 2730 2040 2757 ut.

913 2778 1068 2808 Defecisse
1090 2779 1173 2809 videt
1194 2788 1264 2815 sua3

328 2834 421 2862 habet
441 2833 518 2862 enfin
539 2837 600 2862 tres
620 2833 711 2870 pedes
732 2832 863 2868 sinriles3
885 2841 1000 2861 comma
1022 2840 1091 2868 pars
1113 2840 1218 2861 versus
1243 2832 1306 2861 sive
1327 2835 1427 2869 partes
1448 2830 1639 2868 imperfectae
1660 2836 1712 2861 ut.

904 2885 997 2913 Arma
1018 2885 1172 2920 virumque
1195 2893 1278 2913 ceno.
