2545 3104
1252 167 1306 210 11

168 318 279 353 quem
304 302 531 342 Aristoteles
557 302 710 347 probat,
736 307 801 336 aut
827 301 863 336 ei
886 299 970 347 pari
996 299 1154 344 cretico,
1182 299 1247 346 qui
1271 299 1311 335 in
1337 300 1506 336 clausula
1530 299 1591 334 vel
1616 298 1752 346 paeoni
1778 297 1835 334 mi
1859 297 1919 335 est
1942 298 2218 347 praeferendus.
2269 298 2381 338 Chu-

168 369 251 405 sula
276 373 455 415 perquam
482 374 682 400 numerosa
708 363 883 399 dichoreo
912 360 1138 409 -—'o—u²⁷)
1160 361 1392 406 continetur,
1419 362 1622 398 dnmmodo
1640 373 1726 398 raro
1750 361 1989 405 adhibeatur-3
2013 372 2101 398 nam
2123 363 2184 406 „in
2211 363 2381 400 emtione

168 431 260 466 nihil
288 434 344 465 est
368 433 443 462 tam
469 425 666 469 vitiosum,
698 436 809 471 quam
837 425 869 461 si
895 436 1041 471 semper
1067 430 1123 460 est
1147 423 1268 459 idem“
1302 421 1399 470 (Cic.
1426 430 1519 459 orat.
1548 434 1579 459 c.
1605 421 1687 469 6⁴).
1735 423 1797 459 Ne
1821 423 2010 469 spondeus
2036 423 2188 470 quidem
2212 422 2381 461 §unditus

169 498 225 526 est
250 487 514 536 repudiandus.
566 486 669 530 Etsi,
704 487 806 532 quod
832 492 888 536 est
914 498 934 522 e
958 485 1081 532 longis
1108 485 1270 531 duabus,
1302 485 1470 522 hebetior
1495 485 1644 521 videtur
1670 490 1706 520 et
1731 484 1890 530 tardior,
1923 485 2036 538 habet
2060 491 2186 524 tamen
2209 487 2381 524 stabilem

170 552 356 600 quendam
383 555 420 585 et
444 560 519 585 non
548 553 737 595 expertem
764 548 956 597 dig-nitatis
982 548 1150 595 gradum.
1201 547 1260 584 Ne
1284 546 1436 593 jambus
1463 548 1625 593 quidem,
1652 552 1718 582 aut
1741 558 1811 592 par
1835 548 2032 584 trochaeus
2050 571 2148 597 νυν,
2180 555 2245 584 aut
2271 550 2381 585 etiam

170 613 340 660 dactylus
366 620 499 657 pamm
524 608 742 647 volubiliter
766 608 937 656 pervenit
961 608 1009 644 ad
1036 613 1259 654 extremum,
1286 607 1319 644 si
1345 620 1409 644 eos
1434 609 1604 655 sequitur
1631 609 1787 644 choreus
1811 632 1895 657 -υ,
1917 616 1983 644 aut
2003 611 2204 656 spondeus.
2249 611 2382 656 Neque

172 676 269 715 enim
297 672 501 718 quidquam
528 671 701 713 interest,
735 677 819 705 uter
844 672 894 705 sit
927 681 1058 705 eorum
1089 671 1128 704 in
1155 676 1340 713 extremo,
1371 669 1461 715 quia
1492 676 1683 716 postrema
1712 669 1858 716 syllaba
1890 670 2013 706 brevis
2045 683 2093 708 an
2125 672 2241 720 longa
2265 672 2314 708 sit
2344 672 2382 709 in

171 736 253 783 ipso
287 743 397 770 versu
431 730 523 767 nihil
556 730 756 779 resen-nn)
808 729 883 769 Sed
914 732 1027 767 iidem
1058 731 1097 766 hi
1128 736 1205 766 tres
1236 731 1351 777 pedes
1387 754 1471 778 -υ,
1499 730 1672 779 „„„,²⁰)
1703 746 1804 772 -92,
1845 732 1942 767 male
1975 734 2204 769 concludunt
2234 734 2267 769 si
2300 735 2383 780 quis

171 807 299 833 eorum
325 795 365 828 in
390 799 557 828 extremo
584 793 729 828 locatus
757 799 829 838 est,
858 792 930 828 nisi
956 804 1071 839 quum
1097 804 1166 839 pro
1186 792 1322 829 cretico
1348 798 1558 840 postremus
1586 800 1642 830 est
1669 793 1838 840 dactylus
1868 793 1990 838 ...υἷ’
2026 794 2231 840 Dochmius
2257 803 2382 832 autem

170 857 266 905 (Cic.
292 856 316 891 1.
343 854 392 900 c.)
426 854 559 899 quovis
586 854 670 888 loco
699 860 808 900 aptus
844 858 917 897 est,
955 853 1043 888 dum
1070 854 1185 900 semel
1208 860 1386 900 ponatur3
1422 854 1591 900 iteratus,
1627 860 1694 891 aut
1719 854 1959 893 continuatus
1993 868 2188 896 numerum
2212 864 2383 905 apertum

171 925 208 955 et
240 916 349 954 nimis
375 915 560 965 insignem
585 914 685 952 iacit.

338 976 405 1014 Sin
431 978 631 1013 verborum
666 977 1007 1023 comprehensionis
1040 977 1265 1023 principium
1288 988 1332 1012 ac
1358 977 1539 1014 terminus
1571 979 1641 1013 hac
1674 979 1819 1014 ratione
1853 985 1942 1014 sunt
1973 980 2132 1026 pedibus
2166 982 2383 1028 composita,

174 1039 308 1082 „medii
321 1037 384 1086 ³⁰)
409 1037 478 1086 (se.
505 1037 636 1086 pedes)
671 1043 830 1085 possunt
855 1038 989 1082 latere,
1020 1039 1132 1075 modo
1160 1050 1207 1074 ne
1233 1037 1411 1074 circuitus
1442 1038 1522 1085 ipse
1547 1040 1746 1075 verborum
1780 1041 1827 1076 sit
1853 1048 1919 1076 aut
1953 1042 2103 1077 brevior
2133 1053 2243 1087 quam
2276 1056 2384 1079 aures

173 1107 403 1147 exspectent,
430 1106 495 1135 aut
520 1101 802 1146 longior-quam
828 1100 927 1135 vires
951 1106 1063 1145 atque
1089 1100 1213 1135 anima
1237 1100 1436 1146 patiatur.“

333 1162 420 1196 Jam
454 1172 568 1206 quum
602 1161 647 1195 de
680 1160 856 1206 pedibus,
890 1160 955 1206 qui
988 1160 1027 1196 iu
1060 1161 1215 1207 periodo
1246 1160 1499 1207 reperiuntur,
1542 1173 1663 1198 sermo
1698 1161 1828 1206 fuerit,
1867 1163 1939 1199 hoc
1972 1163 2063 1198 mihi
2095 1163 2205 1200 liceat
2237 1166 2385 1201 schema

172 1223 320 1265 afferre,
348 1229 390 1257 ut
419 1234 494 1257 uno
522 1222 654 1257 obtutu
681 1227 762 1258 tota
787 1234 846 1257 res
873 1221 1033 1269 intelligi
1060 1228 1182 1268 queat.
1234 1270 1241 1276 ,

1031 1298 1197 1332 Periodus

467 1359 587 1393 oriens.
1051 1359 1169 1394 media.
1737 1362 1870 1397 cadens.

427 1440 464 1444 —
476 1435 497 1450 υ
505 1437 527 1450 υ
548 1424 654 1452 herous
991 1423 1080 1452 medii
1101 1423 1193 1453 latere
1530 1442 1567 1446 —-
1580 1436 1600 1450 u
1612 1442 1650 1447 —
1661 1433 1682 1451 υ
1704 1425 1860 1456 dichoreus

398 1494 435 1497 —
446 1487 468 1504 υ
476 1488 497 1504 υ
505 1488 527 1504 υ
547 1485 643 1512 paeon
664 1476 744 1511 prior
992 1480 1118 1512 possunt
1138 1478 1235 1511 pedes.
1453 1493 1491 1498 —-
1501 1485 1552 1502 υυ
1563 1494 1601 1498 --
1611 1475 1684 1504 uz‘
1705 1479 1811 1507 herous
1834 1487 1899 1507 cum
1922 1480 2050 1517 ancipite

405 1545 442 1549 —
453 1540 474 1556 υ
485 1545 522 1549 —-
547 1528 671 1556 creticus
1485 1546 1522 1551 —
1533 1541 1555 1557 υ
1563 1538 1583 1555 υ
1593 1547 1632 1551 -
1643 1547 1682 1552 -
1705 1532 1853 1567 spondeus

322 1592 521 1607 —————
546 1581 705 1609 dochmius.
1483 1599 1520 1603 —
1530 1590 1552 1610 o
1562 1599 1600 1603 —
1610 1577 1683 1609 υτ
1703 1584 1783 1612 chor.
1806 1584 1917 1622 dactyl.
1939 1594 2005 1614 cum
2026 1586 2155 1622 ancipite

1550 1646 1573 1661 υ
1581 1644 1600 1659 υ
1610 1644 1631 1660 υ
1642 1652 1679 1656 -
1705 1644 1800 1672 paeon
1821 1638 1966 1672 posterior

1565 1703 1603 1708 —
1613 1698 1635 1714 υ
1645 1704 1682 1708 -
1707 1688 1833 1717 creticus

1605 1748 1626 1765 υ
1636 1756 1674 1760 -.

1595 1804 1675 1819 Uknu
1714 1809 1752 1814 ·-·
1772 1804 1793 1819 υ

1576 1854 1675 1870 —uu

1562 1891 1685 1922 -υἶῗ
1705 1894 1817 1933 dactyl.
1840 1903 1907 1924 cum
1928 1896 2025 1933 ancip.

1477 1958 1546 1974 υ-
1559 1960 1677 1975 -υ-
1702 1948 1866 1976 dochmius-

175 2011 298 2057 Major
325 2012 434 2047 etiam
461 2022 529 2057 pro
559 2022 711 2045 numero
747 2010 895 2055 quidem
931 2009 1122 2057 diligentia
1157 2010 1194 2045 in
1226 2009 1401 2046 membris
1435 2016 1471 2045 et
1504 2009 1703 2057 incisis³¹)
1739 2022 1851 2057 quam
1884 2011 1923 2047 in
1955 2011 2119 2058 periodis
2151 2012 2385 2050 conficiendis

177 2073 387 2110 adhibenda
413 2079 480 2109 est.
534 2071 658 2117 Quae,
687 2082 801 2117 quum
827 2070 1028 2119 paucis³²)
1055 2078 1198 2107 tantum
1224 2071 1419 2107 vocabulis
1445 2079 1634 2116 constent,
1662 2084 1773 2118 saepe
1797 2084 1952 2118 prorsus
1978 2085 2175 2109 numerosa
2199 2081 2285 2109 sunt
2311 2075 2334 2109 i.
2355 2087 2384 2109 e.

177 2135 287 2170 meris
314 2135 471 2181 pedibus
498 2134 746 2169 continentur.
797 2133 953 2168 Praeter
978 2125 1143 2179 reliquos
1169 2133 1281 2179 pedes
1308 2133 1475 2179 spondeo
1504 2133 1613 2168 etiam
1641 2134 1700 2168 vel
1726 2140 1812 2180 apte
1838 2134 1877 2169 in
1903 2134 1948 2169 iis
1976 2141 2032 2169 est
2057 2135 2245 2170 utendum.
2288 2135 2385 2182 (Cic.

181 2203 274 2232 orat.
302 2209 333 2231 c.
359 2194 426 2242 64)
455 2195 708 2237 „Paucitatem
736 2194 833 2229 enim
860 2195 996 2240 pedum
1022 2194 1216 2240 gravitatis
1241 2205 1331 2228 suae
1353 2194 1529 2229 tarditate
1556 2200 1806 2241 compensat-‘⁸
1861 2196 1979 2237 „Nam
2006 2195 2043 2230 in
2070 2195 2157 2239 illis,
2184 2196 2319 2241 quibus
2346 2205 2387 2233 ut

176 2257 415 2304 pugiunculis
443 2254 553 2304 (orat.
582 2268 613 2291 c.
639 2254 706 2302 67)
739 2255 794 2290 uti
822 2261 986 2302 oportet,
1022 2256 1184 2291 brevitas
1210 2255 1299 2291 iacit
1323 2255 1406 2302 ipsa
1432 2255 1625 2292 liberiores
1653 2256 1776 2302 pedes.
1829 2254 1947 2302 Saepe
1973 2255 2069 2291 enim
2098 2256 2256 2304 singulis
2283 2266 2387 2294 uten-

177 2327 255 2354 tum
285 2326 357 2362 est,
385 2319 606 2365 plerumque
632 2317 730 2353 binis
757 2317 810 2364 (et
837 2317 1005 2363 utrisque
1031 2317 1120 2353 addi
1145 2316 1249 2363 pedis
1276 2328 1363 2363 pars
1389 2316 1548 2364 potest),
1577 2330 1651 2353 non
1678 2318 1754 2353 fere
1779 2317 1892 2352 ternis
1919 2318 2114 2365 amplius.“

341 2381 428 2417 Jam
462 2392 577 2427 quum
607 2379 830 2431 yiderimus,
864 2380 1058 2425 quomodo¹
1087 2390 1262 2415 numerus
1283 2379 1439 2414 'oriatur
1471 2381 1674 2423 oratorius,
1707 2385 1820 2414 restat
1852 2385 1894 2414 ut
1926 2379 1972 2413 de
2006 2379 2276 2426 significatione
2309 2381 2388 2427 ejus

179 2443 414 2477 disseramus.
451 2441 557 2487 Quae
573 2453 688 2487 quum
711 2441 819 2488 pedis
837 2448 972 2478 natura
991 2441 1236 2486 contineatur,
1264 2440 1338 2476 hoc
1355 2441 1564 2477 accuratius
1586 2441 1781 2487 explicato,
1808 2440 1927 2486 ipsam
1950 2441 2139 2488 cognitam
2161 2443 2387 2480 habebimus.

341 2505 432 2547 Pes,
467 2505 512 2538 de
546 2516 681 2550 genere
714 2515 813 2538 nunc
848 2503 1019 2548 disputo,
1060 2503 1125 2548 qui
1153 2502 1201 2536 ad
1232 2513 1426 2536 numerum
1459 2503 1671 2541 adhibetur,
1708 2502 1888 2536 trifariam
1923 2509 1980 2537 est
2013 2503 2134 2538 divisa
2160 2503 2264 2550 (Cic.
2296 2514 2388 2541 orat.

179 2576 208 2598 c.
236 2562 314 2610 56).
365 2564 464 2599 Nam
491 2570 555 2599 aut
581 2565 699 2599 altera
724 2564 832 2599 alteri
855 2563 953 2610 parti
980 2563 1165 2610 aequalis,
1191 2567 1255 2597 aut
1282 2562 1433 2597 alterius
1460 2563 1668 2606 dimidium,
1696 2568 1758 2598 aut
1787 2563 1912 2608 sesqui
1939 2564 2059 2609 major
2085 2571 2151 2599 est.
2203 2565 2330 2610 Unde,
2359 2569 2388 2602 si

179 2627 274 2660 hanc
301 2625 406 2670 pedis
433 2618 632 2673 genuinam
659 2627 813 2673 figuram
842 2625 1037 2660 statuimus
1064 2645 1115 2650 —
1135 2645 1202 2668 -—‚
1229 2623 1268 2659 hi
1294 2631 1369 2660 tres
1395 2623 1507 2670 pedes

1088 2703 1188 2717 -.,„
1207 2712 1215 2725 ,
1236 2703 1307 2717 υ-
1329 2712 1337 2725 ,
1359 2701 1487 2717 ,ΛΝ-

180 2740 405 2775 derivantur.
458 2739 628 2784 Quorum
654 2741 791 2787 pedum
820 2739 986 2785 „jambus
1012 2738 1333 2785 frequentissimus
1366 2745 1419 2772 est
1452 2738 1488 2771 in
1515 2738 1578 2780 fle,
1614 2750 1709 2783 quae
1736 2738 1898 2774 demisso
1925 2747 2037 2788 atque
2063 2742 2194 2777 humili
2221 2754 2390 2780 sermone

179 2802 374 2844 dicuntum
407 2811 529 2847 paeon
556 2808 678 2838 autem
714 2802 753 2837 in
787 2801 1047 2849 amplioribus3
1081 2800 1120 2837 in
1152 2807 1312 2847 utroque
1347 2799 1526 2846 dactylus.
1578 2800 1638 2836 Ita
1673 2801 1711 2836 in
1744 2802 1849 2837 varia
1882 2809 1917 2837 et
1953 2810 2134 2849 perpetua
2159 2806 2326 2841 oratione
2353 2807 2390 2841 hi

179 2870 265 2899 sunt
298 2863 395 2897 inter
427 2874 467 2897 se
500 2863 680 2900 miscendi
713 2871 748 2900 et
781 2863 1025 2912 temperandi.
1080 2862 1146 2901 sie
1178 2862 1329 2899 minime
1362 2861 1677 2899 animadvertetur
1710 2864 1967 2902 delectationis
2001 2868 2200 2914 aucupium
2234 2875 2267 2904 et
2301 2881 2390 2914 qua-

181 2926 343 2963 drandae
371 2926 550 2961 orationis
577 2927 771 2970 industria,
800 2940 895 2972 quae
921 2927 1049 2961 latebit
1074 2938 1120 2960 ‘eo
1147 2926 1274 2971 magis,
1302 2925 1334 2959 si
1360 2931 1396 2959 et
1416 2926 1614 2960 verborum
1643 2932 1679 2961 et
1707 2927 1972 2962 sententiarum
1992 2928 2219 2975 ponderibus
2244 2936 2392 2966 utemur
