2545 3104
1264 111 1294 155 ὅ

663 241 773 289 «ιιι.
801 241 867 290 ιν.
930 242 1009 291 uu
1034 242 1262 306 aym
1290 241 1508 290 ont-rim
1539 241 1596 289 sit
1625 240 1903 291 ιιιιιωιυ.

1155 338 1278 377 Langia.
1316 333 1389 375 περὶ
1412 332 1530 373 ὕψους.
1559 337 1660 368 m.
1697 334 1773 375 φῶς
1798 333 1863 376 γὰρ
1895 334 1943 377 τῷ
1975 333 2042 365 ὄντι
2070 332 2152 365 ἴδιον
2174 336 2233 366 τοῦ
2259 335 2316 367 νοῦ
2338 334 2378 366 τὰ

1151 385 1233 418 καλὰ
1254 385 1410 425 ὀνόματα.
1431 386 1450 417 ὁ
1471 386 1584 425 μέντοι
1605 396 1646 427 γε
1666 385 1767 427 ὄγκος
1784 387 1893 419 αὐτῶν
1913 385 1955 419 οὐ
1978 386 2080 429 πάντ-η
2098 385 2284 430 χρειόδης·
2308 385 2378 419 ἐπεὶ

1151 441 1225 476 τοῖς
1241 441 1373 482 μικροῖς
1400 439 1620 481 πραγματίαις
1640 439 1840 482 περιτιθέναι
1866 438 1996 482 μεγάλα
2024 439 2075 471 καὶ
2104 439 2207 478 σεμνὰ
2234 439 2379 478 ὀνόματα

1152 492 1272 525 ταύτὸν
1300 491 1340 524 ἂν
1370 492 1540 533 φαίνοιτο,
1568 492 1619 528 ὥς
1645 491 1682 524 εἴ
1704 503 1756 528 τις
1774 492 1925 534 τραγικὸν
1953 494 2157 533 repon-nlo»
2182 492 2270 533 μέγα
2293 491 2379 523 παιδὶ

1155 545 1307 587 περιθείη
1330 544 1442 586 νηπίῳ.

342 618 532 656 Orationis
565 618 685 653 forma
710 624 834 654 utrum
859 618 1008 665 poetica
1032 618 1158 654 futura
1183 619 1231 654 sit
1262 630 1311 654 an
1334 629 1449 664 prosa
1474 630 1494 653 e
1520 619 1665 654 ratione
1691 619 1846 664 pendet,
1880 630 1954 664 qua
1979 630 2082 654 mens
2114 620 2276 653 humana
2301 630 2378 653 rem

180 679 459 719 describendam
485 678 667 723 intuetur3
695 690 789 726 quae
812 679 907 716 ratio
933 679 967 715 si
991 679 1077 715 talis
1104 685 1171 724 est,
1198 679 1319 726 qualis
1338 679 1543 716 orationem
1570 679 1735 727 postulet
1755 680 1915 716 solutam
1938 680 2019 716 sola
2035 670 2090 716 uti
2108 691 2223 727 prosa
2241 680 2380 716 licebit.

179 744 241 780 Sic
274 742 465 789 rhythmus
498 740 608 775 etiam
642 741 826 776 oratorius
859 741 925 776 ubi
958 741 1007 776 sit
1042 740 1274 776 adhibendus
1306 741 1457 776 nonnisi
1488 741 1698 788 argumenti
1727 747 1861 776 natura
1891 741 2167 776 determinatur.
2216 741 2314 777 Nam
2347 740 2379 776 si

179 817 253 853 qua
278 802 460 840 sententia
484 802 643 848 simplex
675 808 787 849 atque
812 802 962 840 humilis
996 803 1151 849 periodo
1183 802 1385 838 artificioso
1419 803 1683 847 obduceretur,
1717 809 1820 838 veste
1845 803 2078 849 ineptissima
2102 809 2200 853 tecta
2228 814 2381 850 progre-

179 869 337 904 deretur.
389 864 470 902 Alii
494 864 609 912 igitur
634 864 761 912 generi
784 864 862 900 alia
884 864 996 901 etiam
1023 864 1197 901 convenit
1222 864 1356 908 dictim
1383 876 1505 911 neque
1528 865 1669 901 locutio
1697 864 1830 912 (Arist.
1848 865 1956 902 Rhet.
1976 866 2001 901 l.
2017 865 2089 901 ΠΙ.
2112 876 2144 901 c.
2161 862 2226 912 12)
2251 865 2378 901 eadem

178 937 251 972 est,
285 938 360 973 qua
392 926 534 972 aliquid
568 926 763 961 scribimus
796 932 832 961 et
868 937 943 972 qua
972 927 1012 961 in
1045 926 1345 961 contentionibus
1375 927 1532 968 utimur-3
1566 938 1688 973 neque
1722 927 1868 970 eadem,
1902 939 1997 973 quae
2023 927 2071 962 ad
2097 927 2380 962 deliberationes

178 988 354 1037 pertinet,
380 993 417 1023 et
442 997 518 1033 qua
536 986 679 1032 judicia
704 991 921 1022 tractantur.
972 987 1132 1023 Dicendi
1159 987 1255 1022 enim
1278 997 1414 1033 genus,
1455 999 1529 1033 quo
1556 987 1698 1034 aliquid
1723 988 1918 1023 scribimus
1944 987 2273 1034 exquisitissimum
2299 998 2379 1022 esse

179 1051 301 1091 debet3
336 1060 410 1094 quo
436 1048 474 1082 in
510 1048 808 1083 contentionibus
840 1048 997 1092 utimur,
1032 1049 1081 1083 ad
1109 1048 1292 1083 actionem
1319 1048 1562 1094 aptissimum.
1614 1047 1760 1093 Quodsi
1791 1048 1888 1084 inter
1913 1060 1953 1083 se
1984 1054 2263 1095 comparantur,
2298 1059 2379 1082 orae

177 1112 297 1147 tiones
325 1110 484 1157 scriptae
514 1109 553 1145 in
586 1109 884 1145 contentionibus
918 1110 1076 1146 humiles
1103 1115 1356 1157 angustaeque
1380 1109 1574 1154 videntur,
1602 1110 1668 1146 sed
1695 1121 1792 1156 quae
1813 1111 1859 1146 ab
1886 1110 2096 1146 oratoribus
2118 1110 2212 1145 bene
2231 1108 2378 1144 habitae

178 1179 280 1215 sunt,
308 1182 392 1206 cum
418 1171 457 1206 in
483 1171 652 1206 manibus
678 1176 894 1215 sumuntur,
929 1171 1069 1207 similes
1102 1177 1189 1207 sunt
1218 1171 1476 1217 imperitorum
1510 1172 1754 1207 sermonibus.
1808 1170 1930 1207 Causa
1960 1183 2049 1207 vero
2076 1177 2148 1214 est,
2182 1170 2284 1216 quod
2309 1170 2379 1204 hae

178 1232 476 1267 contentionibus
503 1232 735 1267 conveniant.
788 1231 1038 1277 Quamobrem
1065 1233 1148 1277 illa,
1176 1244 1335 1279 quorum
1360 1232 1419 1268 vis
1444 1234 1483 1268 in
1510 1234 1655 1268 actione
1680 1233 1805 1279 posita
1827 1240 1900 1277 est,
1933 1234 2081 1268 sublata
2105 1232 2267 1273 actione,
2293 1242 2377 1265 cum

178 1305 244 1329 suo
278 1304 430 1328 munere
464 1305 538 1329 non
573 1293 792 1340 fungantur,
829 1293 956 1330 inania
988 1294 1179 1338 videntur-3
1211 1300 1254 1331 ut
1286 1306 1349 1339 ea,
1382 1304 1478 1341 quae
1511 1295 1692 1331 dissoluta
1727 1300 1814 1331 sunt
1846 1301 1882 1331 et
1914 1295 2062 1341 saepius
2095 1299 2314 1341 repetuntur
2338 1291 2375 1327 in

178 1356 377 1400 scriptione
397 1354 482 1400 jure
509 1355 781 1400 improbantur3
816 1356 854 1391 in
881 1356 1180 1391 contentionibus
1205 1368 1294 1391 vero
1322 1355 1406 1391 illis>
1425 1368 1573 1402 quoque
1604 1362 1772 1391 oratores
1797 1363 1968 1399 utuntur-3
2002 1362 2090 1391 sunt
2116 1356 2213 1390 euim
2238 1354 2376 1389 actioni

179 1416 444 1452 convenientia.

683 1546 790 1594 cAl’.
824 1547 869 1594 V.
931 1524 1078 1596 orati·
1110 1546 1252 1595 vineta
1283 1562 1380 1595 eu
1410 1547 1553 1595 seluta
1583 1553 1873 1610 eomparatur.

1153 1643 1278 1681 Dionys.
1300 1643 1371 1672 1121.
1393 1645 1430 1673 de
1450 1645 1533 1673 verb.
1556 1654 1650 1682 comp.
1685 1654 1711 1673 c.
1733 1644 1832 1673 XXV.
1863 1654 1892 1682 p.
1919 1640 1985 1673 196.
2013 1640 2079 1673 197.
2126 1636 2182 1675 Τίς
2208 1638 2325 1671 δ’ἐστὶν
2354 1640 2373 1680 ὴ

1152 1691 1276 1722 τούτων
1299 1691 1463 1734 διαφορὰ,
1487 1693 1568 1723 πάνυ
1587 1690 1703 1736 ῥᾴδιον
1725 1691 1816 1724 ἰδεῖν.
1844 1692 1865 1734 ἡ
1883 1692 1944 1730 μὲν
1965 1693 2064 1730 ὅμοια
2087 1691 2376 1733 περιλαμβάνουσα

1151 1743 1276 1785 μέτρα,
1306 1744 1359 1776 καὶ
1379 1745 1602 1786 τεταγμένους
1630 1743 1783 1781 σώζουσα
1808 1744 1980 1787 ῥυθμοὺς,
2008 1743 2091 1776 κατὰ
2118 1744 2250 1786 στίχον,
2279 1744 2299 1785 ἣ
2323 1753 2373 1774 πε-

1148 1795 1262 1836 ρίοδον
1281 1797 1301 1838 ἢ
1321 1797 1469 1839 στροφὴν
1489 1819 1599 1829 ......
1619 1795 1790 1838 ἔρρυθμός·
1807 1797 1877 1828 ἐστι
1894 1796 1945 1827 καὶ
1962 1795 2139 1837 ἔμμετρος,
2161 1795 2212 1827 καὶ
2230 1793 2374 1834 ὀνόματα

1152 1849 1253 1878 κεῖται
1274 1849 1315 1891 τῇ
1336 1847 1469 1891 τοιαύτῃ
1489 1847 1577 1884 λέξει
1593 1849 1716 1890 μέτρον
1732 1847 1784 1879 καὶ
1801 1848 1920 1887 μέλος·
1937 1845 1959 1890 ἦ
1974 1847 2012 1879 δὲ
2028 1848 2253 1891 πεπλανημένα
2270 1849 2374 1888 μέτρα

1153 1899 1202 1930 καὶ
1232 1899 1398 1937 ἀτάκτους
1419 1900 1576 1943 ῥυθμοὺς
1602 1899 1953 1943 ἐμπεριλαμβάνουσα,
1990 1900 2041 1932 καὶ
2068 1901 2149 1944 μήτ’
2178 1898 2372 1931 ἀκολουθίαν

1154 1952 1359 1992 ἐμφαίνουσα
1377 1953 1505 1989 αὐτῶν,
1533 1953 1617 1995 μήτε
1644 1953 1841 1994 ὁμοζυγίαν,
1863 1955 1937 1995 μήτ·
1955 1954 2185 1994 ἀντιστροφὴν,
2204 1952 2374 1993 εὐρυθμὸς

1148 2004 1206 2041 μέν
1231 2004 1337 2043 ἐστιν,
1370 1997 1481 2047 ἐπειδὴ
1504 2004 1761 2036 διαπτποίκιλταί
1788 2015 1854 2036 τισι
1871 2006 2035 2047 ῥυθμοῖς·
2065 2005 2125 2036 οὐκ
2145 2003 2314 2045 ἔῤῥυθμος
2333 2002 2371 2032 δὲ

1148 2055 1222 2097 οὐχὶ
1247 2058 1318 2091 τοῖς
1337 2057 1472 2098 αὐτοῖς,
1496 2056 1576 2087 οὐδὲ
1598 2056 1678 2087 κατὰ
1700 2057 1737 2087 τὸ
1759 2056 1851 2088 αὐτό.

339 2134 468 2171 Oratio
487 2133 611 2168 vincta
637 2132 668 2168 si
695 2144 738 2167 eo
764 2131 925 2166 maxime
950 2142 973 2165 a
997 2130 1121 2166 soluta
1140 2129 1279 2174 differt,
1309 2132 1410 2176 quod
1428 2132 1597 2167 versibus
1621 2137 1781 2174 constat,
1808 2131 1947 2173 versui,
1973 2137 2013 2165 ut
2033 2130 2164 2176 effigiei
2184 2130 2369 2173 metricae.

175 2208 269 2242 quae
294 2196 518 2242 principium
551 2207 598 2230 ex
627 2206 667 2229 se
692 2194 803 2229 habet
834 2204 878 2228 ac
909 2192 1126 2235 terminum,
1160 2191 1336 2237 periodus
1369 2193 1528 2238 simplex
1561 2194 1600 2228 in
1633 2194 1756 2229 soluta
1787 2193 1952 2227 oratione
1984 2191 2193 2237 respondet..
2245 2191 2369 2236 Quum

174 2268 263 2294 vero
291 2257 435 2305 periodi
461 2256 599 2304 duplex
625 2256 673 2292 sit
699 2265 832 2303 genus,
859 2265 948 2290 num
975 2253 1065 2300 quid
1089 2253 1127 2289 in
1153 2253 1258 2301 poesi
1284 2253 1404 2290 simile
1431 2260 1601 2291 occurrat
1625 2254 1825 2291 videamus.

339 2318 381 2355 Si
404 2319 615 2366 complures
648 2317 786 2353 similes
810 2326 941 2351 versus
966 2314 1005 2350 in
1040 2325 1156 2349 unum
1183 2314 1479 2363 conjunguntur,
1514 2322 1690 2363 systema,
1723 2316 1779 2351 sin
1806 2314 1952 2359 diversi⁷
1979 2315 2133 2361 stropha
2165 2317 2368 2354 conficitur.

176 2379 345 2426 Systema
369 2381 490 2429 ‚igitur
524 2386 560 2415 et
592 2379 745 2425 stropha
777 2377 868 2412 nihil
901 2382 988 2411 sunt
1021 2376 1094 2410 nisi
1126 2386 1299 2410 versuum
1336 2377 1569 2422 complexus,
1604 2388 1759 2422 qnorum
1793 2376 2075 2410 determinatum
2108 2376 2180 2412 sibi
2212 2378 2369 2424 quisque

175 2439 285 2476 habet
310 2442 420 2477 finem
447 2452 490 2477 ac
513 2439 747 2489 principium.
797 2436 999 2474 Periodum
1024 2448 1113 2474 vero
1140 2436 1313 2472 membris
1340 2443 1569 2473 constantem
1597 2437 1803 2485 systematis
1829 2437 1888 2473 vel
1914 2437 2089 2484 strophae
2103 2437 2137 2486 ¹)
2163 2450 2232 2486 pro
2258 2452 2370 2476 mem-

174 2501 325 2536 brorum
350 2502 581 2549 singulorum
607 2507 740 2535 natura
765 2499 921 2534 similem
949 2510 1030 2532 esse
1055 2502 1218 2543 apparet.
1272 2496 1368 2532 Cum
1394 2498 1600 2543 systematis
1627 2499 1739 2546 igitur
1764 2505 1800 2534 et
1826 2499 2000 2545 strophae
2032 2500 2199 2536 versibus
2226 2502 2369 2547 periodi

176 2561 341 2597 membra
366 2569 453 2597 sunt
479 2561 745 2608 comparanda,
773 2560 907 2606 quibus
934 2560 971 2595 in
999 2572 1113 2595 unum
1142 2559 1346 2605 conjunctis
1372 2560 1546 2605 periodus
1573 2560 1778 2605 composita
1802 2560 1978 2595 nascitur.

334 2622 421 2659 Jam
447 2629 562 2660 restat
595 2628 638 2659 ut
666 2621 914 2669 inquiramus,
948 2621 1038 2669 quid
1070 2621 1108 2658 in
1141 2620 1223 2668 posi
1256 2621 1416 2657 orationi
1447 2621 1685 2667 respondeat,
1717 2632 1828 2667 quam
1861 2632 1975 2668 supra
2009 2633 2213 2658 connexam
2251 2622 2366 2674 (sipo-

171 2680 303 2733 μένην)
330 2684 609 2729 appellavimus.
2141 2687 2146 2695 ‘

337 2743 570 2792 Quamquam
604 2746 722 2783 oratio
757 2758 924 2783 connexa
956 2745 1166 2793 rhythmum
1198 2756 1273 2779 non
1310 2744 1435 2787 habet,
1471 2755 1583 2790 quum
1617 2745 1688 2779 fine
1722 2751 1845 2780 careat
1877 2756 1920 2780 ac
1954 2739 2136 2792 principio
2169 2749 2364 2785 verborum

174 2805 417 2843 collocatione
441 2806 585 2854 positis,
610 2813 734 2844 tamen
755 2805 876 2844 simile
898 2805 1040 2854 aliquid
1059 2811 1096 2843 et
1120 2805 1159 2842 in
1185 2804 1405 2841 carminibus
1432 2804 1628 2849 invenitur,
1656 2817 1751 2853 quae
1776 2804 1932 2842 forsitan
1959 2806 2203 2844 remotissima
2228 2809 2272 2845 ab
2295 2810 2365 2847 hoc

173 2867 318 2903 dicendi
343 2879 477 2914 genere
500 2869 665 2905 haberes.

2097 2927 2123 2967 2
