2545 3104
731 794 855 884 DE
906 793 1273 886 NUMERO
1326 795 1790 887 onnam.

155 1010 508 1060 SENTENTIAS
533 1012 606 1059 AB
636 1011 989 1060 ARISTOTELE
1015 1014 1087 1060 AC
1109 1012 1383 1059 CICERONE
1412 1015 1703 1062 PROLATAS
1731 1015 1784 1062 ΙΝ
1817 1014 2101 1061 THEORIAE
2120 990 2367 1064 'FORMAM

1019 1125 1217 1148 nnuman
1239 1126 1410 1150 CONA'I'US
1429 1127 1495 1150 88⁶1·

774 1198 1052 1238 CAROLUS
1087 1199 1371 1246 STEINER,
1404 1200 1746 1245 NISSENSIS‚

917 1269 1018 1293 Pm.
1036 1270 1102 1293 BR.
1120 1270 1193 1293 :NEC
1211 1270 1291 1293 NON
1310 1271 1383 1294 Lm.
1401 1271 1487 1295 uu,
1506 1271 1596 1295 me.

1133 1387 1382 1418 -ςωῢέ

1014 1495 1497 1548 mur-2110.

1197 1596 1321 1603 ——-

152 1646 355 1726 Quamvis
381 1672 603 1716 Dionysium
629 1671 958 1705 Halicarnasseum
990 1667 1096 1718 (περὶ
1121 1666 1342 1710 συνθέσεως
1365 1667 1561 1717 ὀνομάτων
1592 1670 1706 1717 libro)
1740 1677 1777 1706 et
1803 1669 2075 1715 Quintilianum
2102 1671 2243 1719 (Instit.
2270 1680 2363 1710 orat.

151 1745 175 1780 l.
195 1744 265 1781 IX.
288 1756 318 1780 c.
340 1741 381 1790 4)
408 1743 455 1779 de
480 1754 635 1779 numero
665 1742 829 1779 oratorio
858 1740 1115 1789 copiosissime
1140 1747 1253 1789 atque
1277 1740 1553 1779 accuratissime
1576 1741 1795 1779 disseruisse
1820 1741 2005 1780 viderem:
2032 1749 2156 1781 tamen
2185 1756 2239 1790 ea,
2267 1757 2362 1793 quae

151 1816 219 1851 hac
245 1815 291 1850 de
316 1826 356 1850 re
375 1813 660 1860 judicaverunt,
693 1813 733 1848 in
758 1795 874 1848 unum
900 1813 1093 1860 redigendi
1118 1813 1246 1847 labore
1278 1813 1339 1847 vel
1366 1825 1409 1847 eo
1436 1813 1552 1860 magis
1578 1814 1838 1848 abstinendum
1872 1816 2018 1858 censui,
2053 1817 2155 1861 quod
2190 1818 2361 1852 omnibus

150 1886 226 1921 sere
252 1887 290 1921 in
316 1887 426 1921 rebus
453 1891 489 1919 et
515 1884 612 1919 inter
638 1896 677 1919 se
703 1890 740 1919 et
773 1896 857 1919 cum
885 1883 1067 1929 Cicerone
1093 1885 1366 1927 consentientes
1400 1891 1597 1930 praecepta
1622 1884 1696 1930 ipsi
1729 1896 1798 1919 sua
1824 1886 1914 1920 satis
1940 1885 2019 1931 jam
2048 1889 2225 1924 continua
2259 1891 2359 1924 exhi-

151 1958 321 1993 buerunt.
366 1957 524 1993 Numeri
547 1956 644 1993 enim
666 1967 734 2005 per
753 1968 816 1992 eos
837 1968 958 2003 neque
979 1957 1125 1992 indoles
1144 1956 1261 2004 magis
1280 1962 1410 2003 aperta
1427 1953 1548 2003 neque
1567 1956 1735 2000 materia,
1749 1956 1959 1997 uberrimis
1984 1959 2164 2005 exemplis
2184 1961 2359 2006 exceptis,

150 2029 243 2063 adeo
271 2029 500 2080 locupletata
525 2035 581 2064 est
606 2035 649 2064 ut
673 2028 820 2063 theoria.
852 2029 935 2074 ipsa
958 2035 1071 2064 aucta
1101 2027 1218 2074 magis
1252 2033 1289 2062 et
1314 2034 1508 2073 provecta*
1527 2041 1607 2064 esse
1639 2029 1840 2064 videretur.
1893 2029 2026 2074 Itaque
2061 2032 2208 2066 nonnisi
2241 2033 2360 2068 subsi-

151 2101 277 2135 diariis
303 2102 435 2135 horum
462 2100 629 2135 virorum
656 2099 864 2142 sententiis,
876 2105 913 2135 et
938 2099 985 2135 iis
1010 2099 1169 2134 maxime
1194 2098 1288 2135 locis
1313 2099 1491 2135 utendum
1517 2100 1666 2145 putavi,
1700 2100 1835 2146 quibus
1860 2100 2076 2136 Aristotelis
2104 2107 2138 2136 et
2165 2100 2359 2140 Ciceronis

151 2172 358 2208 doctrinam
396 2170 516 2217 magis
552 2182 597 2206 eo
631 2172 888 2207 confirmatum
929 2171 976 2207 iri
1009 2169 1226 2218 persuasum
1260 2171 1443 2206 haberem.
1503 2169 1637 2207 Sicubi
1667 2181 1755 2206 vero
1789 2182 1851 2205 eos
1885 2177 1950 2204 aut.
1983 2171 2080 2205 inter
2113 2183 2169 2209 se.
2211 2181 2275 2209 aut
2312 2177 2358 2211 ab

150 2249 310 2290 utroque
336 2243 539 2279 rhetorices
566 2242 735 2290 principe
761 2242 1022 2279 dissentientes
1048 2242 1233 2287 intellexi,
1269 2242 1533 2278 sententiarum
1562 2242 1810 2278 diversitatem
1837 2242 1995 2288 prodere
2022 2243 2196 2290 notisque
2222 2246 2360 2282 addere

150 2315 242 2350 nihil
277 2315 521 2361 praetermisi.
581 2315 692 2350 Notis
724 2326 813 2350 vero
847 2316 888 2350 id
920 2315 1156 2350 inserendum
1189 2315 1333 2357 censui,
1374 2327 1421 2349 ne
1455 2315 1550 2349 forte
1582 2315 1705 2359 ampla
1734 2314 1814 2358 jam
1847 2325 1913 2359 per
1947 2326 1986 2348 se
2020 2317 2177 2351 materia
2203 2320 2358 2355 nimium

151 2387 389 2421 diduceretur
415 2399 509 2422 neve
536 2386 808 2422 dissertationis
834 2387 944 2433 hujus
972 2386 1166 2422 consilium
1193 2398 1237 2421 ac
1261 2386 1356 2421 ratio
1383 2384 1508 2431 aliqua
1534 2397 1579 2420 ex
1604 2390 1709 2430 parte
1734 2384 1958 2421 laborarent.

314 2458 462 2504 Deique
487 2458 529 2494 in
555 2459 811 2506 componendo
837 2459 909 2496 hoc
936 2458 1117 2505 opusculo
1143 2457 1200 2494 his
1224 2458 1329 2495 libris
1357 2464 1392 2493 et
1419 2456 1642 2493 editionibus
1669 2455 1886 2502 saepissime
1912 2469 2003 2493 usus
2030 2471 2132 2495 sum:

393 2530 523 2565 Arist..
537 2541 625 2576 opp.
652 2530 710 2565 ed.
742 2530 887 2566 Cumb.
912 2529 1016 2565 Bam.
1043 2530 1183 2565 Bekher.

395 2598 474 2636 Cic.
502 2612 587 2648 opp.
615 2601 672 2637 ed.
700 2601 852 2638 Schuetz.

393 2672 551 2719 Dionys.
578 2674 665 2709 Hal.
693 2674 750 2709 ed.
776 2674 909 2711 Baika,

395 2741 553 2788 Quintil.
578 2744 638 2780 ed.
665 2744 846 2792 Spalding.

395 2814 599 2861 Hephaest.
622 2816 778 2852 cnhirid.
806 2816 1001 2853 continens
1022 2816 1187 2864 Longini
1212 2817 1379 2864 prolegg.
1400 2822 1437 2852 et
1454 2816 1583 2853 Procli
1603 2816 1812 2855 Chrestom.
1833 2818 1890 2854 ed.
1912 2817 2085 2865 Gaieford.
2119 2820 2221 2867 Lips.
2245 2820 2354 2859 1832.

2090 2879 2106 2916 ι
2321 2876 2327 2883 .
