2545 3104
1260 42 1292 87 3

661 173 769 222 cAr.
801 173 874 221 m.
934 174 1160 227 Quo-m
1189 174 1362 222 oriatur
1389 173 1616 235 rhythmus
1646 171 1882 219 oratorius.

1147 293 1274 330 Longi..
1318 286 1453 330 φολεγ.
1482 291 1522 320 ΙΙ.
1550 283 1703 323 ’Eo-md»
1722 284 1789 326 γὰρ
1817 285 1870 316 aaa·
1887 283 1936 328 τῷ
1960 285 2046 327 πεζῷ
2070 284 2213 326 ἁρμονία
2235 295 2301 321 τις·
2330 284 2382 317 καὶ

1145 339 1245 383 δῆλον
1268 338 1310 377 15
1327 338 1374 372 ὧν
1395 340 1454 372 τοῦ
1475 338 1537 378 μὲν
1558 338 1577 371 ὁ
1599 336 1701 380 λόγος
1721 337 1809 370 ἐστὶν
1833 336 2104 380 εὐρυθμότερος,
2127 338 2186 369 τοῦ
2208 336 2247 369 δὲ
2267 334 2319 370 οὔ·

323 432 611 481 Antiquissimis
635 434 869 481 temporibus
887 447 1023 483 prosae
1040 434 1274 473 Graecorum
1299 434 1461 472 orationi
1485 434 1680 482 rhythmus
1701 431 1774 469 nisi
1793 432 1942 480 quando
1965 431 2121 469 fortuito
2144 444 2220 470 uon
2244 432 2380 477 inerat3

160 500 249 548 quin
278 504 314 536 et
340 499 421 545 ipse
446 494 665 532 Herodotus
691 495 852 544 rhythmi
879 497 1045 534 nondum
1072 503 1151 534 erat
1173 488 1368 534 'studiosus
1395 503 1450 542 et,
1477 508 1552 543 qua
1571 508 1612 531 re
1634 501 1780 531 constet
1804 495 1996 542 ignorasse
2021 495 2182 530 videtur.
2222 495 2262 530 Is
2281 495 2380 530 enim

159 558 397 607 connexa,¹)
431 568 507 605 qua
540 569 669 594 omnes
701 558 779 595 iere
811 559 878 596 illo
909 566 1081 607 tempore
1114 560 1334 608 scriptores,
1366 571 1456 596 usus
1485 566 1540 595 est
1574 558 1797 595 elocutione.
1848 556 1957 602 Quae
1988 564 2113 593 tamen
2141 557 2273 602 dictio,
2308 557 2381 593 nisi

158 633 356 660 amoenum
383 626 457 663 est,
492 619 595 666 quod
620 624 802 656 tractatur
835 628 1116 668 argumentum,
1149 634 1231 667 eos,
1266 622 1333 669 qui
1365 622 1522 657 audiunt
1553 621 1655 656 haud
1688 620 1799 656 facile
1831 619 1949 654 allicit
1982 620 2215 665 allectosque
2244 619 2379 655 retinet

159 698 274 733 quum
298 680 506 719 sententiae
532 680 733 720 artificioso
758 683 929 729 quolibet
954 684 1110 721 exordio
1137 690 1249 731 atque
1274 685 1348 721 fine
1373 683 1413 721 iu
1438 684 1709 720 vocabulorum
1737 681 1868 718 ordine
1893 681 2018 730 posito
2046 687 2195 718 careant
2215 692 2283 718 nec
2309 681 2381 716 nisi

158 758 199 783 re
224 746 306 793 ipsa
332 742 515 780 exhausta
539 742 726 779 finiantur.
777 743 836 780 Eo
857 744 1005 780 demum
1027 750 1206 793 tempore,
1232 758 1308 794 quo
1335 758 1396 782 ars
1423 746 1588 782 oratoria
1613 744 1737 781 excoli
1756 750 1888 791 coepta
1915 750 1982 787 est,
2010 743 2099 791 quid
2120 744 2168 779 sit
2186 745 2381 791 rhythmus

157 807 367 853 intelligere
399 816 560 850 eumque
592 804 769 840 affectare
804 813 1021 852 coeperunt.
1078 808 1255 844 Elocutio
1291 809 1434 844 ambitu
1467 808 1736 854 comprehensa
1776 802 2103 856 (κατεστραμμένη
2135 802 2250 849 λέξις,
2282 804 2305 855 ὴ
2339 802 2380 841 ἐν

155 864 363 919 περιόδοις)
396 866 548 903 inventa
578 871 656 912 est,
688 879 768 914 qua
799 867 937 904 deinde
968 869 1169 917 plerosque
1201 870 1404 917 scriptores
1436 881 1525 906 usos
1557 869 1740 906 videmus.
1773 864 1907 918 (ταύτῃ
1942 864 2033 917 γὰρ,
2074 866 2154 903 scil.
2187 863 2378 917 εἷρομένῃ,

157 927 345 980 πρότερον
368 924 441 976 μὲν
465 924 649 972 ἅπαντες,
677 926 742 963 νῦν
766 924 812 964 δὲ
838 925 885 964 οὐ
911 926 1037 965 πολλοὶ
1056 930 1256 982 χρῶνται.)
1306 932 1435 978 Atque
1461 931 1552 965 haec
1578 930 1693 965 dictio
1720 929 1846 964 suavis
1872 935 1940 972 est,
1968 940 2081 974 quum
2103 929 2244 974 pariter
2268 935 2381 974 atque

157 991 275 1027 oratio
310 1000 480 1024 connexa
512 988 627 1024 animi
660 996 784 1025 motus
820 996 857 1025 et
892 1002 1016 1026 mores
1050 991 1264 1038 exprimens
1298 992 1548 1038 subjectisque
1581 992 1694 1027 rebus
1729 991 1956 1026 conveniens
1989 988 2049 1037 (τὸ
2075 986 2234 1038 πρέπον)
2268 990 2379 1025 simul

157 1053 266 1090 etiam
282 1046 439 1102 ῥυθμόν
460 1050 651 1098 suscipiat,
676 1051 744 1098 qui
769 1051 807 1087 in
829 1051 1011 1100 singulari
1037 1053 1197 1101 quadam
1222 1054 1492 1091 vocabulorum
1515 1052 1857 1100 componendorum
1880 1051 2025 1088 ratione
2043 1051 2220 1088 cernitur.
2261 1049 2379 1096 Quae,

155 1115 278 1162 qualis
305 1113 354 1150 sit
379 1112 592 1149 accuratius
611 1113 692 1160 jam
718 1114 998 1162 investigemus.

227 1173 230 1176 ⁴
320 1174 494 1212 Orationi
529 1174 723 1223 rhythmus
757 1176 908 1223 quidem
944 1188 1012 1213 uec
1041 1189 1131 1214 vero
1163 1183 1322 1214 metrum
1334 1176 1372 1226 ²)
1411 1177 1534 1213 inesse
1568 1178 1692 1222 debet3
1736 1177 1903 1223 alioquin
1937 1177 2007 1212 erit
2041 1187 2186 1223 poema.
2245 1176 2379 1221 Itaque

156 1238 320 1285 cujusvis
348 1238 457 1274 etiam
485 1237 632 1284 periodi
657 1238 882 1285 principium
916 1251 959 1275 ac
986 1239 1070 1276 finis
1097 1252 1172 1275 non
1198 1246 1318 1276 metro
1352 1247 1524 1276 constare
1559 1240 1680 1276 debet.
1732 1238 1808 1276 Sed
1842 1251 1956 1286 quum
1991 1250 2149 1286 poeseos
2185 1238 2379 1285 rhythmus

155 1313 268 1337 causa
294 1299 497 1336 oratorium
525 1300 739 1337 inveniendi
766 1301 972 1347 exstiterit,
999 1302 1164 1349 poeticas
1190 1302 1331 1339 formas
1357 1308 1394 1338 et
1420 1302 1459 1338 in
1486 1313 1600 1349 prosa
1626 1301 1764 1337 imitari
1791 1307 2082 1337 consentaneum
2103 1306 2170 1335 est.
2205 1299 2265 1335 Ne
2287 1310 2377 1334 vero

155 1364 208 1398 ita
234 1373 383 1397 carmen
410 1362 475 1396 fiat
501 1361 621 1396 oratio
649 1361 832 1407 ejusmodi
856 1363 997 1399 formae
1024 1364 1210 1410 eligantur
1241 1364 1470 1412 rhythmicae
1497 1375 1649 1399 necesse
1675 1363 1764 1407 erit,
1800 1375 1819 1398 e
1846 1364 1980 1409 quibus
2014 1363 2115 1397 ullus
2149 1372 2279 1396 versus
2313 1361 2378 1394 vix

153 1423 383 1460 conficiatur.

319 1483 379 1520 Ex
405 1484 587 1532 rhythmis
612 1484 785 1521 heroicus
797 1483 835 1533 ⁸)
862 1508 958 1526 —w
983 1486 1135 1534 grandis
1162 1491 1218 1523 est
1244 1492 1281 1523 et
1307 1486 1469 1523 orationi
1488 1499 1563 1523 non
1587 1492 1697 1533 aptus
1722 1482 1787 1533 (οὗ
1807 1482 2052 1532 λειτῑκός);*)
2072 1483 2223 1531 jambus
2253 1488 2377 1518 autem

155 1547 264 1582 nimis
293 1557 313 1581 e
338 1546 487 1593 vulgari
513 1552 570 1581 est
596 1557 768 1582 sermone
794 1559 914 1594 eoque
940 1548 1099 1596 repetito
1126 1560 1238 1595 quam
1265 1548 1442 1584 facillime
1467 1560 1599 1584 versus
1626 1548 1802 1583 nascitur.
1816 1547 1853 1594 ⁸)
1904 1547 2121 1582 Trochaeus
2143 1543 2272 1590 ἶν’)
2296 1556 2377 1579 cor·

154 1609 237 1644 daei
262 1608 387 1656 aptior
413 1614 486 1652 est,
513 1608 570 1653 id,
607 1609 709 1654 quod
736 1609 928 1646 declarant
953 1616 1184 1654 tetrametra3
1220 1610 1387 1647 omnium
1414 1610 1530 1658 igitur
1556 1610 1812 1658 rhythmorum
1839 1608 1942 1645 solus
1967 1619 2088 1655 paeon
2114 1606 2283 1653 reliquus
2309 1612 2377 1647 est,

154 1670 458 1717 cujusnaturam
484 1670 652 1707 rhetores
676 1682 700 1707 a
726 1671 1005 1719 Thrasymacho
1019 1670 1055 1720 ⁷)
1088 1672 1246 1719 profecti
1272 1684 1497 1720 quamquam
1526 1684 1569 1708 eo
1597 1672 1814 1717 utebantur,
1846 1676 1971 1706 tamen
1997 1681 2072 1705 non
2106 1668 2376 1715 intelligebant.

152 1733 222 1769 Est
249 1732 346 1768 enim
384 1723 505 1778 paeon
532 1754 678 1773 uou—
710 1733 844 1769 tertius
878 1740 991 1780 atque
1024 1734 1122 1769 inter
1148 1746 1229 1779 eos,
1263 1746 1358 1781 quos
1392 1735 1573 1778 diximus,
1607 1733 1751 1769 medius
1777 1744 1861 1779 pes3
1897 1744 1983 1767 nam
2010 1731 2084 1767 tria
2109 1754 2199 1771 ⁰0...
2225 1730 2273 1766 ad
2300 1730 2374 1765 duo

151 1808 195 1842 ng
220 1794 482 1839 conferuntur,
513 1795 605 1831 dum
631 1794 769 1841 dactyli
796 1795 893 1831 ratio
918 1802 957 1831 et
982 1795 1084 1843 paris
1108 1809 1152 1846 ξ
1174 1797 1223 1832 ad
1247 1809 1319 1843 par
1341 1822 1404 1842 w,
1430 1796 1597 1833 trochaei
1623 1801 1747 1831 autem
1765 1793 1963 1841 jambique
1985 1793 2119 1830 modus
2148 1794 2306 1830 duorum
2332 1807 2375 1841 υ-υ

152 1857 199 1892 ad
226 1868 341 1892 unum
362 1878 394 1896 u.
443 1855 575 1901 Quod,
603 1868 679 1903 quo
705 1856 839 1892 melius
864 1856 1098 1905 intelligatur
1123 1859 1308 1895 schemate
1334 1860 1406 1896 hoe
1432 1859 1488 1895 uti
1513 1859 1643 1895 liceat:

739 1917 759 1952 Ι
1746 1918 1787 1953 Π

642 1991 711 2025 par
729 1979 777 2014 ad
799 1991 868 2025 par
1616 1981 1689 2015 duo
1717 1980 1764 2014 ad
1790 1990 1906 2014 unum

625 2041 698 2076 duo
726 2041 774 2076 ad
802 2041 876 2077 duo
1723 2039 1800 2082 ,Συ

702 2132 740 2138 ““
756 2128 779 2144 ⁰
791 2126 814 2144 υ
1714 2139 1737 2156 υ
1758 2121 1803 2154 2

1230 2222 1293 2257 111

1075 2282 1169 2318 ratio
1194 2283 1450 2329 sesquialtera.

1136 2345 1209 2379 duo
1238 2345 1286 2379 ad
1312 2345 1385 2379 tria

1193 2425 1230 2430 -
1242 2421 1266 2436 υ
1275 2418 1298 2437 9
1307 2419 1330 2436 υ

1190 2471 1327 2488 υνυ-

151 2504 247 2543 Sunt
273 2507 388 2556 igitur
413 2508 507 2545 duae
532 2508 687 2556 paeonis
714 2507 867 2555 species,
896 2520 1054 2556 quarum
1072 2509 1189 2546 altera
1213 2521 1236 2545 a
1262 2509 1393 2558 longa,
1420 2509 1537 2545 altera
1562 2520 1585 2544 a
1604 2508 1778 2544 brevibus
1806 2508 1954 2557 incipit;
1980 2510 2047 2557 qui
2070 2510 2185 2557 pedes
2203 2512 2367 2548 omnium

150 2575 237 2603 ante
263 2569 448 2606 dictorum
465 2562 547 2606 'soli
572 2578 678 2615 sunt,
718 2571 852 2617 quibus
878 2578 1013 2617 poetae
1046 2584 1120 2607 non
1155 2571 1227 2606 sint
1261 2572 1330 2606 usi.
1383 2570 1620 2617 Quapropter
1652 2571 1835 2617 aptissimi
1870 2579 1957 2607 sunt
1990 2574 2162 2619 rhythmo
2190 2576 2367 2616 oratorio,

151 2630 216 2675 qui
242 2641 353 2675 quam
380 2633 541 2668 maxime
574 2634 688 2668 lateat
720 2644 841 2678 neque
874 2632 1058 2669 industria
1090 2632 1278 2679 quaesitus
1313 2644 1393 2667 esse
1427 2632 1596 2667 videatur
1630 2645 1781 2667 necesse
1816 2640 1883 2668 est.
1946 2634 2073 2681 Paeon
2109 2635 2213 2680 prior
2240 2660 2368 2678 -υνν

152 2690 357 2726 sententiae
382 2693 586 2741 principio,
613 2695 708 2730 alter
735 2719 869 2736 uuu—
898 2696 1056 2732 termino
1083 2694 1242 2731 maxime
1269 2693 1457 2736 convenit3
1485 2693 1608 2729 brevis
1633 2694 1729 2729 enim
1759 2695 1921 2742 syllaba,
1950 2696 2125 2742 quoniam
2157 2703 2213 2733 est
2233 2697 2367 2745 imper-

150 2752 264 2795 fecta,
292 2753 501 2790 mutilatam
527 2768 571 2792 ac
596 2768 764 2792 mancam
792 2757 880 2793 iacit
904 2758 1120 2793 orationem.
1161 2756 1294 2802 Itaque
1314 2755 1533 2790 sententiam
1557 2762 1703 2801 oportet
1731 2757 1845 2803 longa
1872 2758 2016 2804 syllaba
2038 2759 2229 2794 terminari
2255 2768 2366 2807 atque

150 2815 273 2861 ipsum
301 2817 511 2852 finem2non
540 2819 733 2867 scriptoris
760 2827 1029 2866 opera·notum
1057 2832 1136 2855 esse
1162 2830 1230 2853 uec
1255 2830 1322 2864 per
1348 2824 1474 2852 notam
1502 2818 1731 2865 appositam,
1760 2820 1825 2854 sed
1851 2831 1918 2865 per
1944 2832 2149 2856 numerum.
