2545 3104
305 215 602 263 5.aut3roffl„5.
593 226 667 257 .,4,
674 217 985 259 ‚neumago-iu.
996 218 1602 263 nummum-sionim
1631 218 1894 256 qua-ibiniseut
1915 221 2248 253 ternisfsrireverbis,
2267 224 2404 245 nonnun-

320 266 323 271 '
359 270 621 378 ἒηᾳιῃωἭ,
638 268 1043 351 Ρῖἱοιῶῐίῗὶζῑψῗιὶιοι,
1040 270 1129 310 inter
1161 279 1256 308 quae
1265 271 1359 309 var&
1387 271 1528 302 chunli-
1556 271 1721 308 interponit
1748 280 1781 300 se
1811 279 1879 301 raro
1909 280 2065 304 numerosa
2092 270 2314 311 comprehensio
2358 268 2404 298 Cf·

390 330 440 350 nin
509 322 521 350 l
629 331 645 368 c
1851 345 1854 348 .

547 406 676 442 „lvi't

611 477 733 527 ’.m
752 435 872 527 ΠΗ.
935 479 1159 533 Quo-od·
1192 486 1391 531 ornata-
1422 495 1699 545 „sequa-ar
1730 479 1987 529 orationem.

1187 578 1249 609 Cic.
1272 580 1309 608 de
1331 584 1407 610 orat.
1436 580 1519 609 1.11.
1552 589 1578 609 c.
1596 575 1626 608 2.
1669 578 1782 607 Mn
1809 576 2007 615 cam-assere
2028 583 2108 609 ‘²⁷⁴⁶'
2135 589 2166 610 ⁸⁸
2192 580 2269 618 *Μ
2292 586 2346 615 ΡΕΓ
2374 585 2406 605 ⁸⁶

1186 632 1472 672 neuma-‘aydam
1500 631 1816 668 banaiau-sautem,
1843 629 2405 670 qsodutscieneeretpanioeecor-

1188 686 1255 713 nate
1277 683 1391 721 dicere,
1412 695 1470 714 non
1490 685 1573 713 habet
1591 683 1737 720 definitos·
1756 682 1884 720 aliquam
1902 682 2061 720 rcyiouem,
2082 684 2164 722 cujus
2184 683 2307 713 temnis
2328 685 2407 719 septa

1187 739 1329 766 amur.

326 803 328 805 ’
363 804 417 842 Ut
442 804 555 840 homo
582 803 705 851 quivis
731 810 847 840 artem
875 800 1081 852 quamlibet
1107 805 1340 841 exerciturus
1368 806 1534 842 omnium
1559 805 1721 853 primum
1755 804 1921 840 indolem
1954 809 2066 851 atque
2099 805 2272 842 virtutem
2297 810 2406 839 mate-

198 866 277 910 riae
304 866 452 902 noverit
478 871 646 913 oportet,
674 866 713 902 in
740 878 815 912 qua
841 867 888 901 ad
915 867 1113 914 imaginem
1142 867 1266 903 animo
1293 874 1511 915 conceptam
1537 867 1711 914 fingenda
1736 866 1889 901 artificis
1915 876 2052 901 munus
2070 867 2230 902 maxime
2256 870 2406 908 constat,

197 938 314 973 quum
342 939 388 963 ex
412 927 535 963 forma
564 928 653 963 inde
677 933 768 963 nata
792 938 854 963 ars
880 928 978 974 ipsa,
1015 933 1248 975 quantopere
1273 928 1439 975 perfecta
1465 929 1513 965 sit
1538 928 1779 974 dijudicetur·
1813 926 1868 962 sic
1892 926 1942 971 is,
1977 927 2042 973 qui
2068 928 2273 964 orationem
2306 938 2407 963 exor-

198 997 289 1024 nare
313 989 414 1034 vult,
441 989 608 1037 linguam
634 989 784 1036 penitus
810 995 897 1025 ante
917 989 995 1036 jam
1023 989 1212 1037 cognitam
1238 991 1374 1027 habeat
1399 1001 1551 1027 necesse
1577 996 1650 1035 est,
1665 989 1700 1037 ¹)
1727 1001 1838 1036 quam
1866 1000 1999 1025 sonum
2026 1001 2069 1025 ac
2094 1002 2299 1033 numerum,
2325 989 2408 1024 arti-

197 1051 363 1087 ficiosam
396 1051 505 1097 quasi
535 1050 701 1087 orationi
723 1051 882 1087 formam
908 1052 1033 1087 addat.

362 1113 514 1161 Lingua
538 1124 628 1149 vero
657 1113 810 1160 cognita
829 1113 961 1160 optimi
982 1114 1197 1162 oratores²)
1226 1126 1270 1150 ac
1291 1121 1427 1161 poetae
1450 1127 1494 1150 eo
1515 1115 1671 1150 consilio
1692 1125 1803 1160 quam
1831 1113 2108 1151 accuratissime
2135 1121 2242 1151 erunt
2266 1112 2410 1161 legendi
2430 1162 2433 1165 ἱ

200 1182 260 1220 ut,
296 1180 481 1222 quatenus
515 1186 576 1211 ars
608 1174 692 1222 ipsa
723 1175 763 1211 in
796 1187 889 1211 sono
924 1188 1153 1222 numeroque
1187 1177 1394 1212 excolendo
1429 1188 1627 1223 progressa
1664 1176 1729 1218 sit,
1763 1175 2011 1222 intelligatur,
2048 1189 2093 1210 ne
2118 1177 2156 1211 in
2183 1184 2262 1212 arte
2289 1182 2412 1210 nostra

203 1238 412 1273 exercenda
435 1237 710 1284 regrediamur,
737 1237 804 1272 sed
831 1242 873 1272 ut
900 1249 980 1273 eam
1005 1237 1124 1285 magis
1152 1238 1262 1274 etium
1290 1250 1590 1286 promoveamus.

366 1299 542 1346 Denique
568 1305 711 1342 autem,
746 1311 862 1345 quum
890 1301 1036 1334 numeri
1069 1301 1153 1335 fons
1186 1301 1225 1335 in
1260 1301 1421 1336 oratoris
1455 1312 1565 1336 sensu
1598 1299 1744 1347 positus
1771 1299 1838 1342 sit,
1874 1310 1918 1334 eo
1944 1299 1977 1334 is
2005 1310 2080 1334 non
2107 1304 2231 1335 careat
2257 1306 2412 1346 oportet,

202 1361 267 1408 qui
300 1366 431 1397 ornate
465 1360 588 1396 dicere
620 1359 725 1396 velit.
777 1359 853 1405 Qui
887 1360 984 1396 enim
1019 1361 1099 1396 fieri
1128 1368 1253 1406 potest
1284 1368 1327 1397 ut
1360 1373 1538 1397 numerus
1571 1362 1711 1406 absque
1743 1360 1847 1395 fonte
1878 1361 2057 1405 profluat!
2109 1361 2147 1394 Is
2179 1360 2311 1407 igitur,
2344 1361 2412 1402 cui,

202 1422 372 1469 quamvis
399 1422 546 1457 numeri
572 1427 744 1464 naturam
771 1421 907 1457 habeat
937 1427 1191 1468 perspectam,
1227 1434 1357 1458 sensus
1390 1429 1515 1457 tamen
1550 1422 1613 1456 ille
1646 1432 1869 1456 numerosus
1901 1433 1924 1455 a
1949 1427 2084 1456 natura
2115 1421 2222 1467 quasi
2255 1432 2329 1455 non
2361 1427 2414 1455 est

201 1483 405 1529 insitus,⁸)
433 1483 582 1518 omittat
608 1482 735 1518 malim
762 1482 858 1520 illud
884 1489 1166 1526 ornamentum,
1201 1495 1248 1521 ne
1275 1483 1438 1520 orationi
1464 1483 1522 1520 vis
1547 1483 1776 1519 extrinsecus
1803 1481 1996 1527 afferatur,
2025 1483 2112 1518 dum
2137 1483 2219 1529 ipsa
2244 1482 2314 1518 sibi
2341 1495 2415 1517 mo·

201 1545 324 1583 dei-ari
351 1545 472 1581 debet.
524 1544 579 1588 Is,
608 1544 713 1588 dico,
748 1544 883 1580 inutile
908 1545 1059 1589 abjiciat
1085 1546 1250 1580 studium
1265 1546 1301 1591 ⁴)
1329 1545 1540 1590 eloquentis
1565 1546 1712 1579 laudem
1740 1551 1853 1590 atque
1873 1544 2034 1591 gloriam
2062 1544 2290 1589 adipiscendi
2318 1550 2352 1578 et
2378 1544 2415 1579 in

203 1617 311 1641 suum
339 1606 412 1641 sibi
438 1617 547 1640 usum
576 1604 769 1641 Ciceronis
796 1606 912 1640 verba
934 1611 1074 1650 vertat,
1110 1606 1207 1642 libro
1237 1607 1306 1649 „de
1334 1611 1506 1643 oratore“
1535 1606 1713 1653 inscripto
1741 1617 1772 1642 c.
1800 1604 1847 1642 71
1876 1606 1930 1641 sic
1956 1605 2134 1641 dicentis:
2170 1607 2266 1649 „Res
2292 1612 2413 1642 autem

203 1681 242 1703 se
277 1668 331 1704 sie
357 1668 468 1703 habet
499 1667 558 1713 (ut
584 1667 803 1703 brevissime
838 1668 980 1712 dicam,
1017 1669 1119 1714 quod
1146 1668 1303 1716 sentio),
1338 1669 1546 1715 composite
1579 1674 1614 1704 et
1648 1675 1733 1715 apte
1766 1668 1846 1704 sine
1879 1668 2073 1704 sententiis
2101 1667 2241 1713 dicere,
2274 1668 2418 1704 insania

202 1737 274 1774 θοις
302 1730 530 1765 sententiose
556 1736 681 1765 autem
708 1729 789 1765 sine
821 1730 1023 1765 verborum
1055 1736 1092 1766 et
1125 1731 1257 1766 ordine
1289 1736 1326 1766 et
1362 1731 1494 1774 modo,
1527 1730 1698 1773 infantia3
1733 1731 1798 1765 sed
1831 1730 2015 1775 ejusmodi
2048 1736 2169 1765 tamen
2197 1729 2352 1764 infantia
2377 1737 2416 1764 ut

204 1805 248 1827 ea
274 1792 339 1838 qui
362 1796 528 1835 utantur,
556 1803 632 1827 non
659 1791 766 1826 stulti
784 1792 954 1826 homines
981 1792 1108 1826 haberi
1135 1792 1291 1838 possint,
1320 1792 1431 1827 etiam
1450 1792 1668 1837 plerumque
1688 1792 1908 1838 prudentes:
1936 1803 2011 1837 quo
2039 1791 2103 1837 qui
2129 1796 2185 1826 est
2210 1796 2416 1833 contentus,

202 1859 340 1889 utatur.
393 1853 587 1899 Eloquens
613 1864 724 1897 vero,
752 1852 818 1899 qui
844 1864 919 1888 non
940 1853 1236 1898 approbationes
1263 1854 1405 1897 solum,
1434 1853 1499 1888 sed
1520 1853 1804 1897 admirationes,
1833 1853 2035 1897 clamores,
2063 1853 2233 1899 plausus,
2262 1852 2293 1887 si
2319 1853 2417 1897 licet,

172 1965 178 1977 X
202 1927 354 1951 movere
381 1914 510 1957 debet,
544 1914 716 1950 omnibus
745 1920 894 1961 oportet
920 1914 973 1949 ita
1000 1915 1111 1950 rebus
1139 1916 1298 1951 excellat
1324 1922 1366 1950 ut
1392 1915 1427 1950 ei
1454 1921 1562 1961 turpe
1588 1915 1653 1959 sit,
1688 1915 1891 1962 quidquam
1919 1920 1984 1950 aut
2011 1914 2170 1962 spectari
2202 1921 2266 1949 aut
2297 1914 2417 1949 audiri

203 1977 392 2013 libentius.
406 1981 424 1995 “

315 2069 343 2106 ¹)
366 2070 428 2101 Cic.
451 2073 487 2101 de
510 2076 585 2101 orat.
608 2073 628 2101 1.
651 2071 704 2101 ΙΙΙ.
727 2082 752 2101 c.
777 2068 825 2102 10.
868 2072 973 2110 Neque
996 2074 1075 2101 enim
1098 2082 1238 2102 conamur
1259 2075 1356 2102 dicere
1378 2082 1446 2101 enm
1467 2074 1586 2108 docere,
1609 2074 1660 2110 qui
1681 2074 1763 2110 loqui
1785 2073 1914 2108 nesciat,
1937 2082 1991 2102 nec
2014 2081 2148 2110 sperare,
2171 2072 2220 2109 qui
2242 2071 2334 2100 latine
2359 2081 2418 2101 non

370 2125 475 2162 possit,
497 2125 577 2154 hunc
596 2129 700 2154 ornate
721 2133 787 2154 osse
807 2125 973 2160 dicturum
994 2134 1091 2163 neque
1112 2134 1192 2162 vero,
1214 2127 1266 2164 qni
1281 2135 1342 2155 non
1360 2126 1451 2161 dicat,
1474 2127 1553 2162 qnod
1573 2127 1786 2163 intelligamus,
1807 2127 1887 2155 hune
1903 2135 2001 2162 posse,
2023 2127 2102 2162 quod
2120 2125 2297 2154 admiremur
2314 2125 2418 2153 dicere.

316 2177 348 2212 ²)
370 2178 432 2208 cie.
454 2179 491 2207 de
512 2182 587 2207 orat.
617 2179 638 2206 1.
660 2178 714 2206 m.
749 2174 795 2206 10.
847 2178 906 2206 Sed
935 2179 1031 2206 omnis
1060 2179 1199 2214 loquendi
1228 2179 1396 2214 elegantia,
1426 2186 1604 2214 quamquam
1633 2178 1785 2214 expolitur
1813 2178 1941 2206 seientia
1970 2177 2139 2220 Plterarnm,
2168 2180 2267 2205 tamen
2295 2180 2420 2213 augetur

370 2229 504 2265 legendis
526 2230 694 2259 oratoribus
716 2233 747 2259 et
769 2230 863 2267 poetis
886 2235 944 2259 etc.
988 2240 1013 2259 c.
1035 2225 1087 2260 31.
1124 2230 1170 2260 Sit
1190 2232 1277 2261 modo
1298 2231 1340 2267 is,
1362 2230 1415 2268 qui
1438 2231 1516 2260 (licet
1536 2234 1589 2260 aut
1609 2231 1734 2265 scribet,
1756 2231 1914 2260 institutus
1934 2232 2097 2260 literaliter
2118 2230 2289 2259 educatione
2311 2230 2419 2258 doetri-

371 2292 468 2319 naque
490 2284 611 2319 puerili,
641 2288 672 2311 et
691 2284 799 2319 flagret
820 2285 933 2319 studio,
964 2289 996 2313 et
1016 2292 1035 2312 a
1062 2288 1170 2312 natura
1191 2285 1366 2321 adjuvetur,
1396 2288 1429 2312 et
1449 2284 1480 2311 in
1501 2284 1704 2313 universorum
1733 2291 1875 2320 generum
1905 2284 2028 2313 infinitis
2049 2282 2313 2319 disceptationibus
2334 2290 2419 2310 exer·

372 2335 498 2371 citatus,
532 2336 735 2365 ornatissimos
757 2336 917 2373 scriptores
939 2340 1131 2374 oratoresque
1153 2337 1192 2365 ad
1213 2337 1452 2374 cognoscendum
1473 2336 1706 2375 imitandumque
1728 2337 1886 2373 delegerim
1916 2345 1973 2367 nae
1994 2337 2045 2366 ilie
2065 2337 2145 2365 haud
2165 2344 2252 2370 sane,
2280 2337 2419 2371 quemad-

343 2379 344 2382 *
373 2389 492 2417 modum
514 2389 607 2418 verba
630 2393 728 2418 struat
748 2393 779 2418 et
799 2390 966 2424 illuminet,
988 2399 1007 2417 a
1028 2390 1179 2425 magistris
1201 2390 1267 2418 istis
1290 2389 1430 2425 requiret.
1475 2388 1522 2417 Ita
1543 2388 1631 2418 facile
1651 2389 1681 2418 in
1703 2398 1800 2419 rerum
1822 2390 2007 2419 abundantia
2027 2390 2066 2419 ad
2088 2387 2227 2419 orationis
2250 2392 2420 2417 ornamenta

373 2442 437 2470 sine
460 2442 534 2470 duce
555 2445 664 2471 natura
684 2442 769 2479 ipsa,
792 2442 816 2470 si
836 2443 924 2471 modo
946 2448 992 2471 est
1012 2442 1164 2476 excitata,
1188 2443 1314 2471 labetur.

318 2491 350 2528 ⁸)
372 2494 441 2523 vid.
463 2483 526 2523 not.
548 2491 578 2522 ⁴2.
610 2493 673 2523 Cic.
695 2496 731 2523 de
754 2497 830 2524 orat.
852 2496 872 2523 1.
894 2494 949 2523 111.
972 2504 998 2523 c.
1019 2490 1072 2523 31.
1748 2532 1754 2537 ¹

322 2543 354 2581 ⁴)
376 2544 424 2576 cf.
447 2546 571 2580 Quintil.
600 2547 621 2576 l.
641 2547 696 2576 11.
725 2557 750 2576 c.
773 2544 804 2576 4.
835 2543 903 2575 112.
946 2547 1040 2576 Totus
1061 2556 1131 2575 vero
1159 2547 1207 2576 hic
1235 2547 1317 2576 locus
1347 2555 1407 2575 non
1437 2547 1503 2575 ideo
1535 2551 1682 2576 tractatur
1714 2556 1732 2575 a
1754 2548 1855 2582 nobis,
1886 2551 1920 2575 ut
1941 2547 2052 2582 oratio,
2081 2554 2156 2583 quae
2178 2544 2248 2572 ferri
2276 2545 2365 2573 debet
2385 2554 2419 2573 ac

375 2599 481 2634 fluere,
504 2600 691 2628 dimetiendis
712 2600 837 2637 pedibus
859 2608 894 2629 ac
916 2599 1132 2636 perpendendis
1149 2598 1275 2637 syllabis
1298 2602 1500 2628 consenescat.
1542 2597 1619 2628 Nam
1640 2600 1671 2629 id
1693 2609 1759 2629 cum
1780 2600 1898 2637 miseri,
1920 2604 1984 2630 tum
2006 2600 2037 2629 in
2058 2597 2185 2629 minimis
2207 2598 2343 2634 occupati
2365 2603 2420 2627 est.

379 2647 447 2681 113.
480 2651 585 2689 Neque
616 2652 709 2687 enim,
739 2651 791 2689 qui
812 2661 844 2681 se
874 2657 969 2681 totum
990 2653 1021 2681 in
1044 2653 1100 2681 hac
1121 2662 1191 2681 cura
1213 2652 1425 2687 consumserit,
1455 2652 1618 2688 potioribus
1640 2654 1776 2682 vacabit:
1807 2654 1832 2682 si
1853 2654 1971 2691 quidem
1993 2653 2097 2682 relicto
2118 2660 2215 2681 rerum
2237 2651 2365 2687 pondere
2387 2661 2420 2680 ac

375 2704 469 2733 nitore
491 2708 655 2740 contemto,
680 2701 877 2740 „tesserulas“
902 2703 951 2739 (ut
973 2706 1015 2734 ait
1035 2703 1182 2740 Lucilius)
1205 2708 1300 2734 struet
1321 2709 1351 2735 et
1376 2701 1605 2741 „vei-inicum&
1628 2707 1707 2736 inter
1729 2716 1761 2736 se
1784 2703 1899 2743 „lexis“
1924 2707 2097 2737 confluittet.

1069 2842 1566 2865 --ψ
