2545 3104
1253 128 1309 172 17

324 266 532 302 Numerum
560 262 733 308 denique
747 261 919 297 orationi
935 261 1029 296 adeo
1057 262 1228 297 excultae
1255 262 1399 296 addidit
1424 262 1627 296 Isocrates.
1622 259 1677 307 ³)
1707 260 1837 306 „cujus
1865 261 1997 296 domus
2026 267 2181 296 cunctae
2203 261 2385 297 Graeciae

161 328 270 377 quasi
295 326 406 363 ludus
433 323 585 370 quidam
611 323 733 370 patuit
760 329 872 370 atque
907 322 1056 358 officina
1092 323 1257 378 dicendi,
1292 334 1449 370 magnus
1485 329 1613 358 orator
1646 328 1681 357 et
1716 322 1903 369 perfectus
1937 322 2113 369 magister
2147 321 2243 369 (Cic.
2278 323 2385 358 Brut.

161 402 193 425 c.
219 387 301 436 8.),
314 396 540 434 quamquam
566 384 706 420 sorensi
731 383 816 419 luce
843 384 980 428 caruit,
1007 384 1180 431 intraque
1205 385 1367 431 parietes
1393 385 1486 419 aluit
1513 396 1594 419 eam
1622 385 1798 430 gloriam,
1826 396 1937 431 quam
1966 396 2094 426 nemo,
2122 396 2205 419 meo
2234 385 2383 431 quidem

154 451 318 498 judicio,
350 453 408 491 est
431 453 564 494 postea
590 452 825 484 consecutus.
876 446 917 482 Is
952 451 988 482 et
1013 446 1095 493 ipse
1128 447 1279 494 scripsit
1311 447 1430 482 multa
1462 446 1655 493 praeclare
1689 452 1725 481 et
1751 447 1879 482 docuit
1905 447 2022 489 alios3
2057 453 2094 481 et
2120 458 2235 492 quum
2264 454 2386 482 cetera

160 513 311 557 melius,
347 520 458 557 quam
492 508 724 555 superiores,
758 513 838 545 tum
869 507 1013 555 primus
1049 507 1251 553 intellexit,
1287 509 1398 545 etiam
1431 507 1470 543 in
1504 508 1629 543 soluta
1662 507 1849 551 oratione,
1884 508 1971 543 dum
2005 520 2156 543 versum
2191 506 2385 555 effugeres.

160 575 311 611 modum
336 578 462 608 tamen
489 576 527 606 et
551 582 747 606 numerum
773 571 959 616 quendam
987 577 1162 616 oportere
1188 569 1364 605 servari.“
1379 568 1415 615 ⁴)
2028 584 2055 605 ο

323 632 398 669 Sed
425 633 513 667 dum
539 632 726 667 Isocrates
753 632 866 666 variis
893 632 1069 678 pedibus,
1090 631 1229 676 jambis
1257 632 1368 666 etiam
1394 636 1430 665 et
1457 629 1668 675 anapaestis
1681 628 1717 676 ⁵)
1744 629 1881 673 utitur,
1908 628 2280 676 Thrasymachus,⁶)
2309 630 2386 675 ejus

161 695 365 742 discipulus
391 705 573 741 paeonem
599 692 742 741 primus
778 692 816 728 in
852 693 1059 729 orationem
1092 693 1319 736 introduxit,
1355 704 1429 738 quo
1465 691 1629 726 omnium
1663 691 1801 737 pedum
1837 691 1919 726 solo
1952 703 2145 727 numerum
2180 692 2385 727 oratorium

161 763 330 793 constare
362 754 606 798 Aristoteles,
648 751 847 788 vehemens
889 753 1068 789 Isocratis
1108 754 1344 788 adversarius
1360 752 1396 800 ⁷)
1438 759 1517 787 arte
1550 764 1617 787 sua
1649 752 1837 787 rhetorica
1870 752 1912 799 (l.
1940 752 2013 786 111.
2057 764 2086 787 c.
2113 751 2154 799 8)
2189 753 2387 788 ostendere

162 823 316 855 conatus
344 821 409 853 est.
461 815 592 853 Paeon
625 814 722 851 enim
749 815 882 850 unicus
917 821 974 851 est
1005 818 1090 862 pes,
1124 827 1199 862 quo
1233 819 1365 851 'versus
1399 827 1474 850 nou
1508 812 1763 861 conficitur.⁸)
1816 812 1963 859 Quodsi
1996 814 2110 861 igitur
2140 814 2385 850 Aristotelem

161 879 277 915 secuti
301 889 482 924 paeonem
510 888 665 922 graecae
692 877 842 921 quidem
870 877 1032 911 orationi
1058 878 1293 922 aptissimum
1318 878 1497 911 habemus
1525 882 1560 910 et
1583 877 1723 917 solum,
1761 887 1835 920 quo
1864 887 2042 910 numerus
2077 877 2262 910 oratorius
2298 889 2386 910 con-

159 940 339 983 tineatur,
365 938 668 985 Thrasymachus
688 936 776 983 juro
798 943 933 973 auctor
959 937 1038 983 ejus
1052 936 1089 984 ⁹)
1114 937 1230 973 fuisse
1255 937 1403 973 dicitur.

323 998 542 1036 Orationem
567 999 684 1046 igitur
703 999 865 1035 vidimus
891 994 1014 1046 primo
1041 1000 1179 1035 nudam
1206 999 1341 1044 fuisse,
1369 998 1502 1035 deinde
1528 1010 1621 1034 sono
1642 998 1842 1035 accedente
1863 999 2040 1035 exornari
2062 1005 2216 1046 coeptae
2237 1001 2380 1035 numeri

161 1068 417 1098 oruamentum
444 1062 689 1096 novissimum
716 1073 797 1096 esse
823 1061 1020 1106 adjectum.

328 1123 416 1159 Jam
449 1122 596 1161 numeri
629 1129 800 1158 naturam
833 1123 1049 1169 philosophi
1067 1128 1193 1169 ⁴atque
1233 1123 1331 1158 inter
1364 1135 1427 1158 eos
1460 1123 1685 1159 Aristoteles
1724 1123 1906 1169 imprimis
1940 1122 2118 1169 indagare
2151 1123 2384 1158 studuerunt.

160 1186 234 1232 Qui
260 1185 324 1220 ubi
350 1185 506 1232 pedum,
534 1185 670 1232 quibus
697 1196 875 1220 numerus
903 1190 1067 1230 constat,
1095 1191 1266 1220 naturam
1294 1196 1406 1232 quam
1432 1184 1712 1221 accuratissime
1737 1184 1995 1232 investigavit,
2011 1182 2071 1232 ¹⁰)
2098 1184 2243 1220 numeri
2268 1184 2385 1231 ipsius

159 1249 348 1284 notionem
377 1247 543 1282 definivit
569 1253 606 1282 et
631 1247 815 1292 interpres
842 1247 914 1281 fuit
946 1247 1093 1281 subtilis
1131 1254 1244 1292 atque
1279 1247 1497 1293 ingeniosus
1525 1259 1675 1291 eorum,
1712 1259 1872 1292 quorum
1906 1258 2027 1292 neque
2062 1253 2228 1281 oratores
2264 1259 2385 1292 neque

158 1310 343 1353 rhetores,
377 1319 527 1344 sensum
542 1308 677 1344 ,solum
711 1308 849 1353 secuti,
884 1320 951 1343 cur
976 1308 1030 1343 ita
1060 1308 1236 1344 fecissent
1268 1308 1433 1343 rationes
1467 1309 1589 1344 nullas
1622 1309 1843 1344 habuerunt.
1861 1307 1921 1354 ιι)
1971 1294 2231 1344 Aristotelem·
2252 1309 2382 1343 ducem

159 1371 390 1406 Theodectes
406 1369 467 1416 ¹²)
495 1374 531 1404 et
557 1368 914 1417 Theophrastus¹³)
941 1369 1116 1416 discipuli
1143 1375 1230 1417 sunt
1257 1369 1386 1404 secuti.

325 1432 426 1467 Dum
448 1431 526 1477 jam
555 1442 623 1478 per
645 1431 939 1478 quadringentos
974 1431 1051 1467 fere
1078 1430 1269 1479 annos¹⁴)
1298 1443 1429 1466 sonum
1458 1442 1501 1465 ac
1528 1443 1723 1467 numerum
1752 1442 1774 1466 a
1801 1430 1956 1467 Graecis
1983 1431 2022 1466 in
2049 1431 2216 1466 oratione
2243 1433 2385 1468 adhibi-

157 1502 236 1529 tum
262 1486 465 1529 videmusz‘
482 1493 595 1528 dictio
623 1493 740 1528 latina
766 1493 868 1528 nuda
893 1493 1015 1528 adhuc
1042 1505 1085 1528 ac
1112 1493 1216 1528 rudis
1242 1505 1361 1540 paene
1385 1492 1518 1528 fuerat.

321 1555 374 1592 M.
402 1556 447 1591 T.
483 1553 615 1591 Cicero
648 1555 904 1591 Romanorum
937 1555 1080 1602 primus
1113 1567 1156 1590 ac
1187 1555 1380 1601 princeps,
1416 1554 1649 1591 Graecorum
1683 1561 1874 1591 oratorum
1909 1556 2174 1601 rhetor-umque
2208 1557 2384 1602 operibus

158 1618 350 1664 perlectis,
385 1617 469 1652 soni
495 1617 716 1662 numerique
741 1623 914 1652 naturam
940 1617 1059 1652 latino
1087 1617 1251 1652 sermoni
1277 1617 1561 1651 accommodare
1587 1617 1877 1662 adaptatamque
1904 1617 2050 1663 scriptis
2085 1617 2162 1652 suis
2188 1618 2384 1653 rhetoricis

159 1679 345 1725 explicare
371 1678 525 1713 studuit.
577 1679 616 1713 Is
642 1678 840 1723 majorem,
869 1689 982 1723 quam
1007 1678 1253 1722 Aristoteles,
1290 1679 1429 1723 pedum
1455 1678 1673 1712 varietatem
1700 1678 1845 1723 patriae
1872 1678 2022 1724 linguae
2046 1678 2266 1721 vindicavit3
2294 1691 2386 1724 qua—

158 1747 311 1787 propter
336 1740 541 1774 Isocratem
567 1739 729 1785 primum
757 1739 919 1774 orationi
945 1750 1140 1774 numerum
1166 1739 1338 1774 intulisse
1366 1750 1433 1774 suo
1462 1750 1613 1785 quoque
1646 1750 1731 1774 cum
1752 1739 1839 1785 jure
1861 1739 2069 1785 praedicat,
2104 1751 2219 1785 quum
2254 1740 2285 1775 is
2323 1742 2384 1776 vel

157 1808 242 1838 ante
268 1801 606 1847 Thrasymachum,
634 1812 859 1847 quamquam
887 1813 962 1836 non
989 1800 1215 1847 paeonibus,
1250 1807 1374 1836 tamen
1402 1801 1486 1836 aliis
1507 1801 1585 1846 jam
1613 1801 1790 1847 pedibus,
1827 1802 1896 1836 etsi
1923 1803 1968 1836 ab
1992 1802 2196 1836 Aristotele
2224 1802 2384 1846 rejectis,

157 1864 194 1899 in
222 1863 454 1899 orationibus
481 1874 572 1897 usus
600 1862 658 1897 sit.

321 1925 374 1963 Ut
394 1924 644 1962 Aristotelem
670 1924 785 1971 igitur
812 1936 855 1959 ea
880 1924 1043 1960 maxime
1068 1925 1289 1971 probantem
1314 1924 1502 1969 videmus,
1531 1937 1627 1971 quae
1654 1925 1954 1971 Thrasymachus
1980 1924 2139 1960 fecerat:
2167 1925 2221 1960 sic
2248 1924 2384 1962 Cicero

157 1987 425 2033 Thrasymachi
451 1992 564 2032 atque
589 1986 768 2022 Isocratis
795 1998 990 2021 numerum
1017 1987 1056 2021 in
1082 1998 1197 2021 unum
1225 1986 1465 2032 conjunctum
1491 1987 1731 2034 investigavit
1758 1987 2001 2032 omnibusque
2020 1986 2179 2032 pedibus
2206 1988 2385 2033 permiste

156 2049 335 2084 utendum
364 2060 444 2084 esse
472 2048 609 2083 docuit.

322 2109 385 2147 Sic
409 2111 560 2146 tandem
596 2110 636 2145 in
671 2110 788 2145 latino
823 2111 933 2145 etiam
967 2121 1137 2145 sermone
1171 2111 1347 2156 periodos
1383 2111 1688 2146 artificiosissime
1722 2117 1952 2146 constructas
1986 2110 2385 2160 dithyramborum¹⁶)

156 2172 273 2207 instar
298 2172 475 2219 progredi
502 2163 850 2216 animadvertimus,
885 2183 1045 2218 quorum
1071 2172 1237 2207 membra
1264 2178 1300 2207 et
1326 2172 1459 2218 pedes,
1493 2179 1535 2208 ut
1562 2173 1612 2208 ait
1647 2173 1742 2207 idem
1771 2172 2053 2217 Theophrastus
2089 2170 2188 2219 (Cic.
2217 2174 2263 2209 de
2291 2184 2383 2211 orat.

155 2233 178 2267 1.
206 2233 278 2268 III.
308 2245 338 2268 c.
367 2231 433 2279 48)
461 2240 548 2268 sunt
574 2233 612 2268 in
640 2233 742 2268 omni
768 2232 950 2278 locupleti
976 2233 1144 2267 oratione
1172 2232 1318 2268 diffusa.

271 2336 298 2373 ¹)
322 2337 384 2368 Cic.
407 2343 482 2368 orat.
513 2348 538 2367 c.
561 2333 611 2367 49.
654 2338 689 2367 In
719 2338 809 2375 hujus
832 2339 1041 2368 concinnitatis
1070 2339 1292 2368 consectatione
1313 2338 1455 2375 Gorgiam
1485 2339 1575 2368 fuisse
1597 2339 1757 2375 principem
1779 2340 1965 2375 accepimus,
1989 2362 1995 2368 .
2008 2362 2014 2368 .
2027 2362 2034 2368 .
2047 2362 2054 2369 .
2077 2342 2163 2378 cujus
2193 2342 2222 2370 in
2252 2344 2384 2372 oratione

319 2393 493 2428 plerumque
516 2391 608 2419 efficit
621 2391 1089 2431 .ndmerum.ip⁸›‚.00nehmitas.
1111 2412 1115 2415 .

267 2459 298 2503 ²)
322 2463 384 2493 Cic.
408 2468 483 2493 orat.
505 2473 531 2492 c.
553 2460 604 2492 55.
647 2465 753 2501 Itaque
774 2470 806 2493 et
827 2464 998 2493 Herodotus
1020 2469 1050 2493 et
1072 2466 1174 2494 eadem
1196 2466 1330 2501 superior
1358 2470 1440 2494 aetas
1464 2474 1583 2493 numero
1614 2465 1727 2499 caruit,
1760 2465 1819 2493 nisi
1841 2467 1961 2501 quaudo
1986 2471 2094 2494 temere
2122 2476 2158 2494 ac
2187 2467 2325 2503 fortuito3
2355 2476 2385 2498 et

320 2516 478 2560 scriptores
500 2520 672 2553 perveteres
694 2517 729 2545 de
751 2525 872 2545 numero
894 2517 970 2545 nihil
991 2518 1127 2553 omnino,
1146 2518 1188 2552 ‚de
1212 2518 1345 2547 oratione
1367 2521 1523 2555 praecepta
1545 2517 1638 2545 multa
1661 2517 1746 2545 nobis
1769 2518 1963 2555 reliquerunt.
2007 2517 2069 2547 Cic.
2092 2518 2176 2548 Brut.
2199 2529 2224 2549 c.
2247 2516 2276 2549 8.
2306 2522 2384 2551 Ante

318 2569 397 2598 hunc
418 2570 496 2598 enim
518 2566 574 2603 (sc.
595 2568 771 2613 Isocratem)
793 2571 952 2599 verborum
973 2571 1059 2608 quasi
1081 2576 1233 2600 structura
1264 2576 1293 2600 et
1315 2573 1459 2608 quaedam
1487 2573 1525 2599 ad
1545 2580 1701 2599 numerum
1723 2572 1875 2600 conclusio
1906 2573 1991 2600 nulla
2012 2577 2093 2607 erat3
2121 2578 2189 2608 aut,
2220 2575 2244 2601 si
2267 2577 2384 2611 quando

318 2625 392 2656 erat,
414 2630 475 2651 uon
496 2623 661 2660 apparebat
682 2631 749 2653 eam
771 2623 872 2652 dedita
893 2631 984 2660 opera
1006 2631 1070 2652 esse
1091 2623 1275 2661 quaesitam3
1297 2632 1372 2661 quae
1394 2622 1518 2652 forsitan
1537 2623 1602 2651 laus
1622 2623 1677 2659 sit3
1700 2628 1907 2653 verumtamen
1925 2629 2033 2653 natura
2050 2625 2144 2661 magis
2160 2630 2234 2661 tum,
2256 2636 2384 2664 casuque

320 2682 548 2711 nonnunquam,
571 2683 659 2711 quam
680 2680 735 2704 aut
755 2676 871 2704 ratione
892 2675 1010 2712 aliqua,
1040 2680 1092 2704 aut
1114 2677 1321 2704 observatione
1343 2677 1442 2703 fiebat.
1485 2675 1554 2710 Ipsa
1576 2676 1655 2703 enim
1677 2681 1786 2705 natura
1808 2677 2080 2713 circumscriptione
2101 2678 2232 2714 quadam
2253 2687 2382 2715 compre-

319 2725 424 2755 hendit
445 2727 653 2764 concluditque
674 2728 871 2757 sententiam:
894 2736 988 2764 quae,
1009 2738 1101 2765 quum
1122 2728 1201 2765 aptis
1224 2728 1387 2757 constricta
1409 2728 1507 2756 verbis
1530 2733 1593 2763 est,
1616 2729 1697 2757 cadit
1718 2730 1809 2758 etiam
1831 2730 2003 2766 plerumque
2025 2739 2192 2759 numerosa.

398 2789 427 2827 Α
451 2785 593 2829 Cicerone
615 2800 672 2829 hac
692 2801 724 2829 in
747 2810 778 2829 re
799 2796 980 2829 dissentiunt
1001 2783 1126 2838 Dionys.
1149 2805 1178 2829 et
1197 2793 1323 2834 Quintil.
1344 2799 1470 2837 Dionys.
1493 2809 1517 2828 c.
1537 2799 1591 2828 XI.
1614 2809 1644 2837 p.
1668 2797 1720 2830 53.
1753 2796 1795 2833 ἐξ
1814 2796 1860 2827 ὧν
1878 2795 1917 2827 δὲ
1939 2796 2051 2835 οἴομαι
2072 2798 2272 2840 γενήσεσθαι
2294 2799 2382 2835 λέξιν

317 2843 431 2886 ἡδεῖαν
454 2843 646 2890 καὶάαλῆν,
676 2848 820 2889 τέτταρά
843 2847 911 2879 ἐστι
935 2847 975 2879 τὰ
996 2848 1183 2889 κυριώτατα
1205 2849 1307 2878 ταῦτα
1328 2846 1379 2878 καὶ
1401 2847 1578 2890 κράτιστα,
1608 2847 1714 2885 μέλος
1733 2848 1785 2879 καὶ
1806 2849 1956 2890 ῥυθμὸς,
1984 2848 2036 2880 καὶ
2056 2849 2245 2892 μεταβολὴ,
2271 2851 2321 2882 καὶ
2345 2853 2383 2882 τὰ

319 2897 589 2936 παρακολουθοῦν
612 2901 684 2935 τοῖς
704 2899 790 2940 τρισὶ
811 2899 945 2935 τούτοις
966 2900 1100 2941 πρέπον.
1145 2914 1170 2934 c.
1192 2903 1231 2933 X.
1263 2912 1292 2941 p.
1315 2901 1365 2933 53.
1396 2899 1418 2941 ἡ
1441 2899 1479 2931 δὲ
1511 2897 1695 2941 Ἡροδότου
1718 2901 1877 2937 σύνθεσις
1896 2901 2074 2943 ἀμφότερα
2096 2905 2198 2933 ταῦτα
2221 2901 2307 2946 ἔχει·
2331 2906 2381 2935 καὶ

2107 2965 2130 2992 ἔ)
