2545 3104
1285 107 1315 150 9

351 242 504 273 distinctio
524 245 555 271 et
575 241 743 280 aequalium
763 245 796 272 et
816 250 905 280 scope
924 242 1075 272 verior-um
1094 242 1320 273 intervallorum
1341 244 1491 280 perennio
1511 253 1667 274 numerum
1687 244 1816 273 conficit.
1859 243 1922 273 Cic.
1943 250 2021 280 put.
2044 249 2119 273 oret„
2142 255 2166 273 c.
2188 241 2218 272 6.
2260 244 2405 273 Numeros

351 304 437 326 aare·
458 296 542 333 ipsae
562 296 740 332 metiuntur,
761 303 799 324 ne
820 298 955 327 aut-non
973 294 1123 334 compleas
1143 295 1253 335 verbis,
1274 296 1355 334 quod
1377 296 1583 335 proposueris,
1605 301 1658 327 sut
1677 298 1835 328 redundes.

287 335 334 387 4)
355 349 418 380 Cic.
440 353 516 378 orat.
539 358 564 378 c.
585 344 638 378 67.
680 370 689 378 .
702 370 710 378 .
723 370 731 378 .
746 370 753 377 .
776 349 910 385 sequitur
930 348 1167 385 comprehensio,
1190 351 1242 377 nd
1262 358 1302 377 ex
1324 350 1438 377 duobus
1459 350 1616 385 membris,
1637 359 1697 387 qua
1717 359 1777 379 non
1797 354 1898 388 potest
1918 357 1983 378 ense
2003 350 2130 379 brevior.

301 400 332 438 ⁵)
357 400 420 431 Cic.
445 404 520 431 orat.
543 409 568 431 c.
591 396 642 430 61.
685 394 841 438 περίοδον
869 408 924 431 nos
952 403 1017 431 tum
1038 400 1200 438 ambitum,
1231 401 1624 448 tumseomprehensionem‚
1653 406 1706 433 aut
1728 403 1998 438 continuationem,
2030 407 2083 432 aut
2104 403 2405 439 circumscriptionem

352 455 485 484 dicimus.

676 651 783 699 cAP.
814 652 888 707 111,
951 652 1173 707 Quo-odo
1204 667 1408 702 umerus
1439 652 1655 702 efficiatur
1686 651 1921 701 oratorius-

1173 758 1234 790 Cic.
1256 765 1332 791 orat.
1354 769 1379 790 c.
1401 755 1452 790 56.
1496 761 1541 790 Sic
1559 760 1649 800 {qiam
1669 759 1723 790 hoc
1744 760 1898 799 wysiam,
1920 759 1951 789 in
1971 760 2071 791 uoluae
2092 761 2177 791 etiam
2198 763 2293 792 verbis
2315 763 2405 791 inem

1171 823 1320 849 umeros,
1341 814 1506 851 eosdemque
1527 823 1587 842 esse
1608 814 1769 849 orator-⁸¹00,
1790 814 1842 850 φη·
1861 813 2048 850 είπιροεᾶεί.

353 892 478 939 Quum
506 900 662 929 numero
691 899 727 928 et
749 892 914 929 oratorio
942 898 979 928 et
1003 893 1152 941 poetico
1179 894 1384 930 sententiae
1411 894 1463 929 ita
1489 894 1745 940 exprimantur
1769 898 1812 928 ut
1839 905 1966 928 earum
1993 894 2146 929 auribus
2173 895 2296 930 unitas
2323 905 2407 942 per->

187 956 361 1004 cipiatur:
394 953 476 990 fieri
502 966 577 989 non
610 952 735 1000 potest
771 953 861 1001 quin
888 954 1084 1003 utriusque
1122 956 1249 991 eadem
1284 955 1332 991 sit
1357 960 1509 1000 natura,
1526 954 1559 1002 ¹)
1593 966 1715 1002 neque
1746 955 1811 990 ille
1843 955 1916 991 nisi
1950 955 2155 1003 unitatis2)
2192 963 2326 992 natura
2358 958 2405 993 ab

186 1019 256 1054 hoc
283 1015 440 1052 differat.
853 1012 855 1014 ’
1214 1065 1216 1067 v

349 1076 508 1113 Numeri
535 1081 669 1111 natura
693 1076 824 1112 formis
849 1076 1067 1125 rhythmicis
1094 1077 1323 1123 continetur,
1352 1089 1448 1125 quae
1466 1085 1650 1115 vocantur
1667 1078 1799 1125 pedes3
1827 1078 1964 1125 quibus
1990 1090 2059 1125 pro
2080 1079 2252 1127 imaginis
2279 1080 2404 1116 animo

187 1145 388 1186 conceptae
415 1145 550 1174 natura
576 1138 703 1174 electis
730 1144 842 1185 atque
867 1139 966 1174 inter
992 1150 1032 1174 se
1055 1140 1271 1187 compositis
1291 1139 1415 1175 unitas
1434 1141 1612 1185 nascitur,
1640 1152 1751 1187 quam
1771 1140 1958 1187 poeticam
1983 1141 2159 1188 (comma,
2185 1143 2405 1181 membrum,

185 1213 353 1245 versum,
381 1206 561 1248 systema,
589 1199 799 1247 stropham,
837 1199 989 1248 poema)
1016 1202 1206 1247 appellare
1232 1202 1506 1237 consuevimus.
1559 1201 1633 1247 Qui
1656 1202 1770 1248 pedes
1804 1202 1835 1237 si
1867 1202 2006 1248 passim
2021 1201 2058 1248 ³)
2091 1203 2130 1237 in
2164 1215 2294 1248 prosa,
2329 1216 2405 1248 quo

186 1261 433 1308 numerosa⁴)
458 1264 543 1305 fiat,
570 1262 810 1305 adhibentur,
838 1262 962 1297 unitas
990 1262 1116 1297 existit
1141 1263 1324 1311 oratoria,
1352 1273 1460 1309 quae,
1486 1275 1555 1310 pro
1583 1263 1819 1307 extensione,
1846 1269 1910 1299 aut
1936 1263 2096 1299 incisum
2124 1270 2161 1300 et
2185 1266 2406 1304 membrum.

185 1331 248 1360 aut
274 1323 469 1370 periodus,
497 1329 562 1358 aut
588 1323 708 1359 oratio
735 1323 863 1359 vocari
890 1323 997 1359 solet.

350 1386 403 1425 Ut
430 1384 684 1430 compluribus
715 1384 885 1419 versibus
919 1392 1074 1420 numero
1101 1385 1359 1431 sententiaque
1394 1385 1432 1420 in
1467 1397 1581 1420 unum
1616 1384 1824 1430 conjunctis
1851 1391 1914 1419 aut
1948 1392 2126 1432 systema,
2161 1393 2226 1421 aut
2253 1388 2406 1433 stropha

186 1446 415 1490 continetur,
449 1451 562 1492 prout
588 1445 727 1493 singuli
753 1445 825 1481 sibi
850 1457 982 1482 versus
1008 1452 1074 1481 aut
1100 1446 1240 1482 similes
1266 1451 1370 1490 sunt,
1404 1452 1469 1481 aut
1496 1446 1712 1481 dissimiles:
1747 1445 1801 1480 sic
1828 1446 1973 1481 duobus
2007 1448 2067 1481 vel
2094 1448 2266 1493 pluribus
2294 1460 2406 1483 mem-

185 1509 261 1543 bris
276 1507 311 1555 ⁵)
338 1507 546 1543 arctissime
571 1506 668 1542 inter
694 1519 733 1543 se
760 1512 797 1543 et
822 1518 935 1543 sensu
963 1513 999 1543 et
1024 1507 1148 1543 verbis
1175 1507 1459 1543 cohaerentibus
1485 1507 1662 1555 periodus
1690 1507 1894 1543 conficitur.

355 1569 595 1617 Longissima
621 1577 676 1606 est
703 1570 915 1616 complexio
941 1571 1141 1606 verborum
1169 1569 1266 1617 (Cic.
1290 1570 1336 1605 de
1356 1557 1455 1605 orat..
1469 1570 1493 1605 1.
1513 1570 1587 1605 111.
1614 1581 1645 1605 c.
1667 1568 1735 1616 47)
1762 1581 1857 1615 quae
1878 1569 1981 1605 volvi
2007 1582 2082 1605 uno
2110 1571 2243 1617 spiritu
2270 1579 2406 1618 potest.

185 1632 260 1669 Sed
285 1632 346 1667 hic
372 1638 529 1667 naturae
552 1632 685 1667 modus
713 1637 787 1677 est,
815 1632 906 1667 artis
933 1632 1040 1668 alius.
1094 1630 1269 1679 Cujusvis
1296 1632 1393 1668 enim
1421 1631 1762 1679 comprehensionis
1788 1632 1904 1668 verba
1928 1631 1982 1667 ita
2007 1632 2230 1669 collocanda
2254 1642 2339 1669 sunt
2365 1643 2403 1669 ut

184 1694 390 1730 sententiae
424 1694 649 1740 principium
685 1705 728 1729 ac
753 1694 838 1729 finis
865 1706 939 1742 non
968 1695 1006 1729 in
1044 1695 1176 1740 spiritu
1202 1695 1287 1729 solo
1320 1694 1386 1729 sed
1417 1694 1455 1728 in
1489 1694 1716 1740 syllabarum
1743 1693 1909 1740 pondere
1941 1693 2067 1741 posita
2100 1693 2237 1743 sint.⁸)
2288 1695 2405 1732 Plena

185 1756 466 1803 comprehensio
494 1768 514 1792 e
540 1762 703 1803 quatuor
728 1756 881 1792 omnino
909 1762 1056 1792 constat
1083 1756 1271 1802 partibus,
1298 1767 1395 1801 quae
1420 1756 1691 1801 longitudinem
1715 1756 1877 1790 habeant
1902 1761 2066 1801 quatuor
2091 1767 2267 1792 versuum
2294 1758 2405 1793 hexa-

185 1824 405 1862 metrorum3
420 1816 456 1866 ⁷)
484 1816 694 1864 cujusmodi
719 1823 862 1864 partes,
890 1818 923 1854 si
949 1817 1171 1862 sententiae,
1209 1829 1322 1864 quam
1348 1829 1424 1853 una
1450 1817 1669 1862 conficiunt,
1703 1817 1785 1853 sola
1811 1817 1955 1853 unitate
1982 1829 2051 1853 nec
2077 1818 2188 1854 nodis
2213 1820 2404 1856 continua·

186 1880 299 1916 tionis
327 1881 351 1916 i.
380 1893 411 1916 e.
438 1881 639 1916 verborum
666 1892 764 1916 nexu
791 1881 890 1916 inter
915 1892 956 1916 se
983 1881 1198 1925 cohaerent,
1225 1880 1393 1915 membra
1406 1878 1442 1927 ⁸)
1469 1876 1606 1927 (κῶλα)
1630 1885 1686 1925 et,
1723 1879 1756 1915 si
1780 1879 1973 1927 propriam
2000 1892 2171 1927 quaeque
2203 1893 2291 1928 pars
2323 1894 2404 1918 sen-

186 1943 341 1979 tentiam
369 1943 536 1978 continet
562 1949 743 1978 resectam
770 1943 878 1989 quasi
905 1949 942 1978 et
967 1955 1080 1989 quam
1106 1942 1323 1978 brevissime
1347 1953 1580 1987 expressam,
1606 1942 1726 1976 incisa
1737 1940 1775 1988 ⁹)
1800 1938 2009 1989 (κόμματα)
2035 1942 2281 1988 appellantur.

347 2004 512 2040 Periodo
528 2003 607 2050 jam
635 2015 719 2039 cum
740 2004 896 2051 stropha
914 2009 1130 2052 comparata
1148 2002 1306 2050 singulis
1329 2002 1505 2049 strophae
1523 2002 1694 2039 versibus
1716 2008 1783 2039 aut
1800 2002 1977 2039 membris
1991 2001 2051 2050 ¹⁴²)
2075 2004 2220 2050 periodi
2239 2006 2404 2040 membra

185 2066 475 2111 respondebunt.
525 2067 603 2101 Pro
632 2066 850 2101 extensione
875 2066 1009 2113 igitur,
1035 2066 1060 2100 i.
1088 2078 1119 2101 e.
1145 2077 1213 2112 pro
1241 2065 1489 2111 syllabarum,
1516 2065 1652 2111 quibus
1679 2070 1827 2100 constat
1849 2076 2022 2104 numero,
2048 2065 2251 2100 membrum
2280 2072 2416 2102 orato-.

185 2127 282 2162 rium
307 2138 331 2163 a
356 2127 514 2163 membri
538 2127 616 2163 fere
641 2126 852 2174 poetici¹¹)
889 2127 1123 2174 longitudine
1147 2126 1334 2172 proficisci
1360 2138 1482 2172 neque
1514 2138 1645 2161 versus
1676 2126 1787 2161 facile
1811 2138 2022 2160 mensuram
2049 2127 2228 2161 excedere
2253 2129 2402 2173 poterit.

186 2187 260 2224 Sed
286 2195 328 2224 ut
354 2189 530 2236 strophae
565 2195 601 2224 et
633 2200 808 2224 versuum
842 2189 977 2224 modus
1010 2188 1092 2224 sola
1122 2186 1266 2224 ratione
1296 2187 1442 2232 finitur,
1476 2199 1551 2234 qua
1583 2193 1697 2234 poeta
1723 2200 1801 2223 rem
1836 2187 2091 2223 celebrandam
2133 2176 2318 2225 intuetur:
2351 2191 2405 2226 sic

185 2251 332 2296 periodi
359 2251 470 2286 etiam
498 2252 825 2297 membrorumque
858 2251 1037 2286 circuitus
1062 2249 1213 2286 nonnisi
1244 2249 1284 2284 in
1310 2249 1366 2284 rei
1393 2249 1661 2284 describendae
1691 2255 1824 2284 natura
1848 2248 1993 2294 positus
2026 2242 2098 2292 est,
2131 2248 2180 2283 ad
2214 2261 2326 2295 qnam
2361 2252 2404 2291 is,

186 2311 250 2357 qui
277 2311 367 2348 dicit
392 2312 530 2348 limites
557 2318 599 2347 ut
625 2312 742 2357 totius
769 2311 970 2356 orationis,
1004 2312 1058 2347 ita
1083 2311 1192 2347 etiam
1219 2311 1461 2357 periodorum
1489 2317 1526 2346 et
1551 2312 1800 2346 membrorum
1826 2309 2082 2344 accommodet
2107 2321 2259 2346 necesse
2286 2318 2353 2348 est.

351 2374 398 2410 In
427 2373 597 2410 oratione
622 2373 738 2422 igitur
761 2372 912 2421 publice
937 2373 1109 2410 habenda
1133 2372 1330 2421 periodum
1351 2378 1513 2420 quatuor
1531 2384 1704 2409 versuum
1727 2372 2028 2406 hexametrorum
2046 2383 2259 2409 mensuram
2285 2380 2405 2411 trans·

185 2435 290 2481 gredi
316 2436 381 2471 vix
406 2436 463 2472 ias
490 2436 560 2472 erit
586 2448 701 2482 quum
725 2436 835 2471 facile
860 2436 941 2471 fieri
965 2436 1086 2483 possit
1105 2442 1147 2471 ut
1172 2435 1323 2483 longior
1348 2435 1525 2470 circuitus
1545 2434 1763 2480 longiorave
1788 2433 1954 2468 membra
1978 2444 2128 2477 eorum,
2157 2434 2222 2481 qui
2247 2436 2404 2472 audiunt

185 2506 293 2530 aures
320 2503 356 2532 et
381 2504 555 2542 mentem,
584 2509 696 2533 sensu
723 2497 833 2533 nimis
860 2497 1040 2534 distracto
1068 2497 1271 2543 dilatoque,
1298 2495 1487 2544 effugiant.
1526 2494 1686 2531 Membri
1705 2494 1820 2541 igitur
1840 2493 2060 2541 productim
2086 2507 2157 2542 pro
2177 2496 2403 2543 syllabarum

190 2568 362 2602 numero,
400 2559 607 2595 hexametri
642 2571 854 2594 mensuram
886 2559 988 2594 haud
1019 2559 1143 2594 facilie
1174 2558 1416 2605 superaverit.
1466 2557 1592 2592 Rebus
1625 2556 1679 2591 sic
1710 2567 1751 2590 se
1783 2555 2007 2590 habentibus
2040 2556 2198 2592 incisum
2231 2555 2404 2608 (κόμμα),

186 2617 291 2653 salva
315 2618 385 2654 hac
411 2620 558 2666 periodi
583 2620 815 2667 membrique
841 2619 1078 2665 extensione,
1106 2619 1288 2667 ejusmodi
1312 2619 1427 2655 ferme
1451 2612 1657 2654 hexametri
1682 2617 1800 2653 inciso
1828 2629 1877 2653 ex
1903 2618 2133 2664 syllabarum
2158 2631 2314 2656 numero
2336 2633 2406 2667 par

186 2690 267 2713 esse
290 2680 442 2724 poterit,
470 2683 572 2727 quod
599 2694 755 2717 caesura
778 2682 846 2717 illa
870 2687 958 2728 post
982 2682 1084 2717 tertii
1108 2681 1213 2728 pedis
1239 2681 1353 2716 arsim
1379 2679 1561 2723 adhibita,
1590 2685 1631 2714 ut
1657 2678 1711 2714 ita
1735 2678 1870 2723 dicam,
1897 2685 2123 2726 amputatur.
2143 2679 2202 2729 ¹²)
2245 2680 2319 2718 Sed
2338 2682 2405 2730 qui

185 2740 343 2776 membri
368 2740 552 2789 incisique
578 2743 852 2791 longitudinem
878 2743 972 2778 adeo
1000 2750 1172 2779 accurate
1187 2741 1246 2789 18)
1273 2742 1460 2777 definitam
1486 2742 1584 2784 vult,
1621 2753 1669 2776 ne
1695 2752 1770 2786 qua
1794 2741 1893 2776 forte
1919 2742 2064 2788 syllaba
2087 2753 2111 2776 a
2135 2754 2290 2778 numero
2317 2754 2405 2779 con·

185 2800 317 2839 stituto
343 2801 458 2847 absit,
485 2802 517 2839 is
542 2803 683 2842 frustra
710 2816 859 2852 operam
887 2815 993 2843 suam
1019 2803 1253 2852 impenderit.
1304 2803 1402 2840 Nam
1429 2815 1544 2850 quum
1570 2802 1609 2839 id
1634 2802 1799 2840 maxime
1823 2803 1921 2839 inter
1946 2802 2154 2840 orationem
2180 2805 2342 2841 solutam
2368 2813 2404 2842 et

183 2862 346 2900 vinctam
373 2864 539 2909 intersit,
573 2868 675 2912 quod
702 2868 768 2902 illa
793 2867 911 2902 libere
935 2867 1105 2913 profluit,
1138 2867 1228 2901 haec
1254 2872 1376 2901 autem
1403 2871 1522 2900 metro
1549 2865 1745 2912 proposito
1773 2865 1985 2901 cohibetur:
2016 2864 2059 2901 in
2084 2864 2204 2902 libera
2235 2866 2405 2905 oratione

2131 2925 2158 2962 3
